1976 3126
200 176 306 228 298
776 175 827 220 Ρ.
860 175 1090 221 PAPINII
1121 177 1314 223 STATII

203 295 371 350 ‘Hac'
413 298 515 368 ait,
556 297 632 350 ‘in
665 297 903 370 ThebaS‚
941 297 1044 351 hac
1083 316 1168 350 me
1208 299 1360 352 iubet
1400 300 1566 352 ardua
1597 300 1768 354 virtus
1803 314 1887 355 845

201 371 308 439 Ire,
348 370 636 424 Menoeceo
679 390 784 441 qua
821 371 1029 424 lubrica
1068 374 1329 441 sanguine
1369 375 1548 427 turris.

199 444 483 514 Experiar,
529 445 656 515 quid
697 463 850 499 sacra
889 445 1095 514 iuvent,
1137 465 1206 499 an
1242 447 1412 500 falsus
1452 446 1687 516 Apollo?

200 518 367 587 Dicit,
410 522 464 572 et
503 520 714 573 alterno
757 519 970 588 captiva
1008 520 1066 572 in
1104 521 1318 574 moenia
1360 538 1550 591 gressu

204 590 388 661 Surgit
428 611 618 646 ovans:
659 594 845 663 quales
885 593 1076 646 mediis
1115 594 1173 646 in
1209 595 1445 648 nubibus
1486 595 1670 649 aether

201 665 357 719 Vidit
396 665 644 735 AloidaS,
685 686 806 720 cum
847 670 1111 721 cresceret
1149 668 1318 737 impia
1357 669 1520 722 tellus
1802 683 1889 723 850

197 739 531 809 Despectura
572 741 698 794 deos
738 759 835 794 nec
876 740 1049 794 adhuc
1087 741 1323 795 immane
1362 743 1570 796 veniret

195 813 390 867 Pelion
429 818 483 867 et
520 816 791 884 trepidum
829 815 941 867 iam
978 819 1230 886 tangeret
1269 815 1407 870 Ossa
1447 817 1766 871 Tonantem.

273 887 411 940 Tum
450 906 578 942 vero
620 890 839 942 attoniti
879 889 1116 942 fatorum
1154 891 1212 943 in
1252 891 1467 944 cardine
1507 909 1717 945 summo
1727 934 1741 962 ‚

198 959 309 1015 Ceu
349 980 600 1031 suprema
640 964 754 1016 lues
795 963 917 1015 urbi
956 963 1270 1034 facibusque
1309 965 1545 1018 cruentis

197 1034 514 1105 Aequatura
554 1038 668 1090 solo
708 1041 885 1090 turres
925 1036 1156 1092 Bellona
1198 1039 1424 1107 subiret,
1799 1051 1884 1093 855

198 1108 460 1163 Omnibus
502 1129 529 1163 e
569 1112 728 1164 tectis
768 1112 1021 1164 certatim
1060 1113 1306 1182 ingentia
1346 1131 1476 1166 saxa

199 1183 525 1253 Roboraque
567 1189 620 1238 et
659 1185 864 1238 validas
905 1186 1101 1239 fundae
1139 1185 1384 1239 Balearis
1423 1186 1662 1252 habenas

199 1256 365 1326 (Nam
404 1258 594 1312 iaculis
636 1260 887 1328 caeloque
926 1261 1082 1330 vagis
1123 1278 1245 1329 spes
1285 1260 1424 1313 unde
1466 1259 1776 1332 sagittis‘P),

196 1330 400 1384 Verum
441 1332 584 1385 avidi
622 1336 896 1387 tormenta
935 1337 1121 1387 rotant
1161 1338 1215 1388 et
1254 1335 1491 1388 molibus
1532 1338 1744 1404 urgent.

195 1405 298 1458 Ille
336 1424 435 1459 nec
473 1407 699 1476 ingestis
739 1426 837 1461 nec
874 1411 1031 1477 terga
1070 1408 1419 1478 sequentibus
1460 1428 1717 1479 umquam
1798 1422 1884 1464 860

195 1478 513 1533 Detrahitur
552 1482 700 1551 telis,
739 1499 1012 1551 vacuoque
1053 1483 1152 1535 sub
1194 1501 1315 1536 aere
1353 1482 1591 1552 pendens

195 1553 367 1606 Plana
406 1555 556 1607 velut
593 1558 741 1609 terra
781 1559 956 1609 certus
996 1556 1228 1625 vestigia
1266 1557 1424 1627 figat,

197 1626 395 1680 Tendit
434 1631 489 1680 et
527 1628 740 1699 ingenti
780 1630 927 1682 subit
966 1633 1277 1683 occurrente
1316 1631 1498 1683 ruina:

195 1700 389 1753 Amnis
428 1705 489 1754 ut
526 1702 841 1756 incumbens
882 1703 1136 1774 longaevi
1174 1704 1372 1757 robora
1410 1703 1591 1772 pontis

195 1774 451 1827 Adsiduis
492 1779 772 1845 oppugnat
811 1777 988 1846 aquis3
1029 1777 1139 1830 iam
1180 1796 1311 1830 saxa
1348 1778 1610 1831 fatiscunt
1798 1791 1883 1832 865

194 1846 532 1918 Emotaeque
571 1851 778 1903 trabes:
819 1854 975 1904 tanto
1016 1851 1308 1904 violentior
1343 1851 1439 1904 ille

200 1920 402 1990 (Sentit
442 1921 607 1994 enim)
649 1925 855 1978 maiore
895 1925 1010 1978 salo
1052 1928 1380 1994 quassatque
1419 1925 1694 1995 trahitque

196 1994 399 2049 Molem
439 2014 680 2067 aegram,
719 2016 888 2051 nexus
929 1998 1096 2052 donec
1137 2000 1276 2052 celer
1314 1999 1497 2053 alveus
1537 2017 1724 2053 omnes

193 2068 444 2123 Abscidit
484 2074 539 2124 et
579 2090 738 2126 cursu
777 2073 951 2126 victor
988 2073 1226 2142 respirat
1266 2077 1467 2142 aperto,

195 2141 377 2212 thue
416 2146 592 2213 petita
632 2146 724 2199 diu
763 2147 936 2200 celsus
975 2146 1202 2215 fastigia
1241 2165 1406 2216 supra
1794 2161 1881 2202 870

160 2258 163 2260 Α
194 2216 441 2271 Eminuit
477 2219 851 2290 trepidamque
890 2221 1187 2290 adsurgens
1228 2221 1456 2290 desuper
1493 2221 1682 2274 urbem

193 2289 349 2344 Vidit
387 2296 442 2346 et
481 2293 691 2362 ingenti
730 2294 944 2347 Thebas
985 2294 1245 2348 exterruit
1284 2296 1496 2362 umbra,

194 2364 446 2434 Increpat
486 2368 772 2421 attonitos:
814 2367 1152 2421 ‘Humilesne
1192 2368 1520 2439 Amphionis
1561 2387 1731 2439 arce8‚

311 2486 396 2527 845
428 2481 558 2527 Haec
589 2487 622 2524 P
649 2485 656 2538 Ι
682 2482 800 2527 haec
830 2488 863 2526 P
893 2486 909 2540 ΙΙ
944 2488 1028 2529 847
1061 2483 1204 2542 fallis,
1235 2486 1295 2530 al.
1328 2499 1386 2529 m.
1417 2498 1648 2541 suprascr.
1680 2487 1702 2527 t
1731 2483 1878 2529 falsus

192 2545 225 2583 P
247 2542 263 2597 ss
287 2545 372 2586 848
403 2540 530 2587 Dicit
560 2546 634 2585 PB
646 2541 820 2585 G²ScG
850 2542 981 2587 Dixit
1004 2548 1050 2586 M
1080 2545 1178 2589 edd.
1204 2545 1260 2599 cf.
1295 2543 1373 2588 VI
1390 2547 1483 2591 798
1505 2546 1521 2601 ΙΙ
1545 2548 1632 2588 854
1665 2557 1880 2601 suprema

194 2599 294 2644 dies
339 2601 576 2647 Bentleius
603 2603 608 2658 Ι
636 2600 742 2645 urbi
788 2606 820 2644 P
867 2603 1049 2660 Anylic.
1096 2603 1287 2648 Heinsii
1338 2603 1503 2647 urbem
1546 2602 1702 2645 BG²M
1738 2606 1753 2659 ΙΙ
1792 2608 1877 2648 857

193 2658 377 2703 validas
408 2664 441 2702 P
482 2660 702 2718 gravidas
741 2662 876 2706 ceteri
909 2662 923 2718 ΙΙ
959 2666 1044 2707 858
1086 2676 1191 2719 spes
1230 2675 1326 2706 una
1354 2666 1388 2705 B
1419 2663 1562 2708 Behh.
1603 2675 1709 2718 spes
1747 2662 1879 2706 nulla

193 2722 319 2762 Gur
343 2720 441 2764 edd.
467 2724 568 2766 vett.
593 2722 609 2777 ΙΙ
632 2723 718 2765 859
751 2719 881 2764 avidi
910 2722 1147 2766 tormenta
1169 2726 1285 2764 P‘rL
1312 2720 1442 2766 avidi
1465 2722 1514 2765 et
1536 2722 1670 2765 torm.
1696 2721 1848 2764 Rom
1865 2722 1877 2778 Η

193 2780 278 2822 863
328 2777 483 2823 subito
523 2784 556 2822 P
592 2780 609 2836 ΙΙ
646 2783 732 2825 867
784 2778 937 2824 Sentit
974 2785 1007 2822 P
1055 2779 1216 2825 Saevit
1254 2781 1422 2839 ceteri}
1457 2781 1879 2836 Interpzmctionem

191 2838 368 2882 correxi
397 2839 413 2895 ΙΙ
444 2842 529 2883 873
563 2837 791 2883 attonitos
823 2838 1115 2895 humilesque
1148 2839 1201 2884 A.
1236 2852 1390 2883 arces:
1420 2839 1687 2884 Koestlinus
1716 2840 1876 2882 Haene

193 2893 303 2938 illae
335 2895 390 2940 A.
424 2910 553 2942 arces
584 2898 812 2943 Barthius
843 2899 968 2943 artes
1002 2900 1293 2956 Peyraredus
