1976 3126
621 147 965 195 THEBAIDOS
997 147 1109 193 LIB.
1142 146 1219 193 XI.
1659 147 1764 200 317

13 318 43 338 „
75 272 370 327 Tartareus
409 273 588 325 rector
626 273 786 342 porta
824 270 976 324 iubet
1015 270 1095 323 ire
1134 269 1357 324 reclusa.

13 367 14 370 ¹
72 346 352 403 Montibus
391 344 633 399 insidunt
671 344 866 414 patriis
906 344 1158 413 tristique
1197 361 1395 398 corona

16 460 19 490 3
71 420 313 474 Infecere
353 419 498 474 diem
537 421 592 472 et
630 419 772 473 vinci
813 437 912 472 sua
950 418 1177 471 crimina
1216 417 1468 488 gaudent.

145 493 280 548 Illos
321 496 383 548 ut
421 492 661 547 stimulis
700 493 779 546 ire
818 493 874 546 in
914 492 1205 546 discrimen
1245 493 1448 561 apertis

73 568 267 622 Audiit
307 570 362 621 et
400 567 591 622 sceleri
631 566 843 621 nullum
883 566 993 620 iam
1034 566 1254 620 obstare
1293 566 1577 637 pudorem,
1682 580 1770 619 42⁶

33 671 50 708 .‘
73 641 315 697 Advolat
355 644 410 696 et
450 640 656 696 medias
697 640 952 695 immittit
990 639 1255 694 Adrastus
1296 640 1563 709 habenas,

74 717 198 787 Ipse
238 714 455 786 quidem
495 717 550 769 et
586 715 770 786 regnis
811 715 1043 769 multum
1083 717 1138 767 et
1178 715 1501 768 venerabilis
1543 733 1690 769 aevo.

76 789 182 845 Sed
223 789 353 860 quid
393 788 536 860 apud
575 790 739 859 tales,
778 789 899 859 quis
939 806 1036 842 nec
1078 807 1176 843 sua
1215 788 1449 860 pignora
1488 806 1667 857 curae,

2 889 3 894 ¹
73 864 242 919 Exter
265 862 479 919 honos?
512 862 722 918 Tamen
746 863 839 918 ille
862 866 1046 935 rogat:
1073 860 1479 932 ‘Spectabimus
1505 881 1635 934 ergo
1652 863 1773 933 hoc,

0 999 1 1003 Ἰ
74 937 368 993 Inachidae
408 936 693 1008 Tyriique,
729 937 922 992 nefas?
963 936 1057 991 ubi
1095 938 1217 991 iura
1256 937 1483 1008 deique?
1685 951 1773 992 430

4 1037 5 1042 ’
75 1012 232 1067 Bella
271 1011 402 1067 ubi?
432 1030 500 1065 ne
544 1015 787 1082 perstate
833 1012 1043 1066 animis
1123 1010 1200 1065 Te
1240 1012 1520 1081 deprecor,
1559 1011 1733 1065 hostis

74 1084 453 1157 (Quamquam,
475 1085 610 1140 haec
634 1086 717 1141 ira
741 1086 902 1155 sinat,
925 1105 1024 1140 nec
1049 1088 1109 1139 tu
1134 1086 1270 1139 mihi
1288 1086 1551 1156 sanguine
1568 1084 1773 1156 longe),

73 1160 173 1230 Te,
212 1177 426 1231 gener,·
440 1163 496 1214 et
533 1160 720 1230 iubeo;
762 1161 960 1230 sceptri
1001 1160 1047 1214 si
1087 1165 1244 1214 tanta
1283 1160 1477 1230 cupido
1519 1162 1625 1228 est,

34 1216 44 1277 ἶ
72 1234 228 1289 Exuo
267 1234 480 1304 regales
518 1234 763 1303 habitus,
801 1237 863 1288 tu
902 1234 1115 1288 Lernan
1154 1238 1208 1287 et
1245 1233 1427 1305 Argos

10 1341 11 1345 =
76 1307 236 1363 Solus
267 1307 458 1362 habe!'
499 1306 626 1362 Non
658 1309 823 1362 verba
854 1309 1031 1378 magis
1066 1308 1350 1362 suadentia
1381 1309 1643 1378 frangunt
1686 1322 1774 1364 435

76 1382 373 1453 AccensoS,
413 1382 748 1453 sumptisque
787 1383 958 1437 semel
998 1382 1282 1436 conatibus
1323 1383 1569 1452 obstant,

81 1455 255 1519 Quam
294 1455 499 1526 Scytha
538 1457 774 1511 curvatis
815 1459 1024 1511 erectus
1065 1457 1318 1510 fluctibus
1359 1475 1615 1527 umquam

79 1530 288 1585 Pontus
329 1528 581 1600 Cyaneos
621 1531 796 1585 vetuit
833 1549 1151 1585 concurrere
1191 1535 1419 1585 monteS.

80 1604 158 1660 Ut
195 1605 421 1676 periisse
459 1622 648 1676 preces
688 1606 1038 1675 geminosque
1079 1605 1144 1658 ad
1186 1606 1393 1674 proelia
1430 1606 1580 1660 fusos

82 1678 312 1734 Pulvere
353 1679 665 1748 cornipedes
706 1679 1083 1750 explorarique
1122 1678 1397 1733 furentum
1690 1694 1777 1735 440

83 1752 148 1807 In
186 1753 375 1823 digitis
415 1756 632 1807 amenta
669 1754 840 1823 videt,
879 1753 1023 1825 fugit
1063 1754 1247 1807 omnia
1285 1754 1534 1824 linquens

85 1825 304 1896 Castra,
342 1826 509 1896 viros,
550 1844 834 1897 generum,
873 1828 1110 1896 Thebas,
1152 1846 1213 1881 ac
1251 1828 1370 1882 fata
1409 1832 1719 1884 monentem

85 1899 526 1970 Conversumque
564 1902 693 1972 iugo
731 1902 993 1972 propellit
1030 1902 1259 1956 Ariona:
1300 1903 1476 1973 qualis

85 1975 368 2030 Demissus
409 1992 569 2028 curru
605 1976 793 2030 laevae
832 1979 959 2044 post
996 1977 1240 2044 praemia
1280 1977 1442 2030 sortis

84 2048 419 2104 Umbrarum
459 2051 642 2103 custos
680 2049 973 2134 mundique
1011 2049 1340 2103 novissimus
1378 2050 1536 2104 heres
1691 2066 1779 2106 445

85 2123 310 2193 Palluit,
351 2123 553 2178 amisso
592 2123 813 2178 veniens
851 2123 910 2176 in
950 2123 1181 2178 Tartara
1219 2125 1385 2178 caele.

202 2290 289 2330 428
314 2298 382 2340 sq.
419 2283 542 2329 ‘Sed
566 2310 622 2317 —
647 2285 823 2330 honos’
859 2285 1143 2329 Priscian.
1175 2284 1241 2328 111
1272 2290 1301 2329 4
1330 2299 1374 2341 p.
1410 2290 1483 2341 85,
1516 2291 1540 2330 '¹1
1573 2285 1629 2329 H.

205 2424 295 2464 424
339 2418 453 2463 Illos
499 2417 549 2462 in
595 2417 811 2464 stimulos
851 2424 883 2461 P
922 2422 927 2471 ι
964 2418 1238 2464 discrimina
1284 2420 1436 2464 certos
1482 2424 1516 2462 P
1553 2421 1569 2476 u
1607 2423 1693 2465 427
1735 2421 1783 2464 et

87 2479 244 2536 regnis
276 2482 390 2533 PGp
421 2479 604 2536 Anylic.
635 2477 794 2535 regnis
826 2478 981 2521 36²1
1010 2480 1026 2535 ΙΙ
1057 2483 1143 2523 428
1178 2477 1270 2523 Sed
1313 2478 1418 2534 quis
1457 2479 1738 2524 Bernartius

90 2551 211 2596 quae
259 2551 355 2583 non
393 2549 479 2581 sua
520 2537 668 2583 Prisc.
709 2551 831 2582 nunc
870 2551 955 2582 sua
992 2543 1025 2580 P
1063 2539 1078 2595 ΙΙ
1115 2543 1202 2582 429
1251 2538 1394 2582 Exter
1438 2537 1587 2582 honos
1632 2537 1783 2580 PG²11

90 2597 222 2643 Laid.
259 2598 408 2642 Prisc.
440 2595 669 2640 Externos
700 2601 789 2640 BH
818 2596 1038 2642 Alternos
1063 2598 1246 2656 Anylic.
1279 2597 1506 2642 Heinsius
1543 2613 1574 2652 g
1612 2598 1690 2654 (al.
1724 2611 1781 2642 m.

91 2670 321 2715 suprascr.
366 2659 389 2699 1
427 2657 662 2712 externos)
706 2655 965 2702 Gronovius
1001 2657 1006 2700 1
1043 2670 1155 2713 ergo
1201 2657 1291 2700 hoc
1328 2661 1407 2699 PG
1444 2656 1625 2715 Anylic.
1669 2669 1781 2713 ergo

33 2738 37 2742 Α
90 2716 248 2760 30²1
285 2718 300 2774 ΙΙ
338 2720 424 2761 432
476 2714 766 2771 Quamquam
803 2716 930 2760 haud
966 2716 1038 2760 ira
1077 2715 1204 2759 sinat
1240 2715 1469 2760 Barthius
1510 2718 1517 2773 Ι
1558 2715 1738 2772 logeP
1770 2716 1773 2730 '

95 2823 183 2865 434
208 2777 406 2875 lei-nean
436 2825 469 2863 P
501 2818 517 2862 i
552 2819 717 2864 lernan
748 2819 858 2864 (ΡΠ
889 2819 906 2862 i
938 2820 1118 2864 lernam
1148 2823 1181 2862 B
1221 2822 1236 2877 ΙΙ
1275 2824 1362 2864 439
1395 2813 1675 2876 geminoque
1704 2824 1739 2862 P
1769 2821 1783 2877 Η

96 2882 183 2923 440
215 2879 566 2937 exploiavitque
596 2883 629 2922 1²
