2020 3106
638 146 981 194 THEBAIDOS
1012 148 1121 193 LIB.
1156 148 1189 192 1.
1697 149 1764 203 13

23 277 25 283 ⁴
78 269 172 324 Nil
209 270 345 340 fore,
386 269 528 340 quod
568 268 725 323 dictis
765 270 974 323 flectar!
1016 269 1193 333 Quare
1232 270 1465 342 impiger
1506 271 1606 324 alis

77 344 364 399 Portantes
403 343 661 413 praecede
699 346 881 413 notoS‚
922 341 1170 413 Cyllenia
1207 345 1409 414 proles,

23 459 24 462 ,
78 417 223 472 Aera
260 435 357 489 per
395 416 659 487 liquidum
695 417 985 487 regnisque
1024 418 1269 487 inlapsus
1310 419 1491 488 opacis

23 505 25 511 ‘
79 491 178 546 Dic
215 493 437 562 patruo:
477 509 700 562 superas
741 491 918 545 senior
959 508 1014 544 se
1055 493 1273 546 attollat
1311 492 1379 545 ad
1419 511 1577 547 auras
1679 507 1764 547 295

79 564 266 635 Laius,
306 565 599 620 extinctum
637 566 756 619 nati
796 583 953 635 quem
992 566 1213 619 vulnere
1251 567 1489 620 nondum

23 663 25 671 ·
78 638 316 695 Ulterior
352 638 550 694 Lethes
590 639 799 709 accepit
836 640 957 708 ripa
996 640 1248 709 profundi

23 727 25 731 ·
77 711 222 784 Lege
260 713 449 784 Erebi3
487 713 629 767 ferat
669 713 802 767 haec
839 713 956 766 diro
998 732 1118 768 mea
1157 716 1305 768 iussa
1343 715 1553 784 nepoti:

23 810 25 815 ¹
82 786 409 842 Germanum
448 787 609 842 exilio
647 787 847 841 fretum
888 788 1265 857 Argolicisque
1304 791 1602 843 tumentem

79 859 373 932 Hospitiis,
413 860 555 931 quod
594 865 789 931 sponte
829 862 1004 931 cupit,
1042 863 1230 933 procul
1270 862 1467 932 impius
1509 863 1632 916 aula
1681 876 1767 918 300

79 933 302 1004 Arceat,
340 934 611 990 alternum
650 936 805 1006 regni
844 936 1107 990 infitiatus
1149 936 1425 990 honorem.

78 1007 220 1063 Hinc
259 1026 450 1063 causae
490 1009 715 1079 irarum,
754 1012 899 1064 certo
940 1011 1149 1080 reliqua
1189 1011 1374 1064 ordine
1414 1009 1640 1064 ducam?

150 1081 315 1136 Paret
351 1082 696 1138 Atlantiades
737 1084 893 1137 dictis
935 1084 1195 1155 genitoris
1235 1088 1290 1138 et
1327 1084 1448 1138 inde

80 1153 299 1211 Summa
337 1157 532 1227 pedum
571 1175 799 1227 propere
839 1158 1184 1227 plantaribus
1224 1159 1424 1228 inligat
1464 1158 1590 1220 alis,

81 1227 427 1301 Obnubitque
467 1249 649 1285 comas
690 1235 745 1285 et
782 1234 1054 1301 temperat
1093 1236 1242 1286 astra
1283 1234 1483 1302 galero.
1681 1247 1767 1287 305

81 1302 218 1358 Tum
257 1304 478 1359 dextrae
516 1306 728 1376 virgam
767 1306 1017 1375 inseruit,
1058 1325 1163 1377 qua
1202 1307 1404 1377 pellere
1445 1306 1626 1360 dulces

79 1376 194 1431 Aut
233 1378 454 1450 suadere
493 1379 692 1433 iterum
732 1398 975 1449 somnOS,
1016 1399 1123 1450 qua
1160 1382 1319 1450 nigra
1360 1380 1539 1434 subire

82 1449 314 1507 Tartara
353 1456 408 1507 et
447 1470 718 1523 exangues
758 1454 996 1508 animare
1038 1455 1359 1509 adsueverat
1395 1454 1629 1508 umbras,

79 1523 336 1597 Desiluit,
374 1527 628 1597 tenuique
668 1531 922 1596 exceptus
962 1528 1235 1582 inhorruit
1275 1547 1420 1582 aura.

78 1597 195 1653 Nec
232 1618 407 1671 mora,
454 1602 700 1655 sublimis
740 1602 941 1671 raptim
980 1621 1076 1671 per
1115 1603 1276 1656 inane
1316 1603 1529 1656 volatus
1680 1616 1767 1656 310

75 1670 270 1743 Carpit
308 1677 363 1728 et
399 1675 611 1746 ingenti
650 1675 899 1747 designat
936 1676 1125 1730 nubila
1164 1695 1317 1748 gyro,

155 1746 373 1801 Interea
409 1749 604 1818 patriis
644 1750 774 1803 olim
812 1767 985 1820 vagus
1028 1751 1151 1805 exul
1193 1751 1262 1804 ab
1304 1751 1413 1805 oris

24 1845 25 1849 ¹
86 1818 530 1890 Oedipodionides
567 1823 714 1877 furto
756 1823 969 1877 deserta
1007 1828 1251 1893 pererrat

84 1892 310 1949 Aoniae.
383 1895 502 1950 Iam
540 1896 753 1966 iamque
794 1898 961 1951 animi
999 1900 1140 1952 male
1181 1899 1365 1952 debita
1402 1916 1571 1969 regna

87 1965 357 2038 Concipit,
397 1971 451 2022 et
486 1970 714 2040 longum
754 1971 924 2040 signis
965 1974 1344 2026 cunctantibus
1384 1992 1584 2026 annum
1684 1987 1769 2027 315

90 2037 246 2095 Stare
285 2042 470 2111 gemit.
547 2042 721 2097 Tenet
758 2062 865 2097 una
905 2045 1017 2098 dies
1054 2050 1349 2117 noctesque
1388 2065 1672 2100 recursans

85 2244 235 2290 cabile
280 2250 410 2289 PBH
463 2247 512 2291 et
555 2261 650 2292 non
695 2248 960 2293 revocabile
1013 2254 1052 2292 R.
1099 2252 1240 2306 atque
1290 2250 1602 2295 inrevocabile
1648 2252 1772 2296 Bur-

83 2317 280 2350 mannus
332 2304 403 2350 ita
456 2307 505 2350 et
555 2306 822 2352 revocabile
874 2308 1183 2355 Baehreusius
1225 2311 1232 2366 1
1273 2309 1468 2354 verbum
1520 2310 1776 2356 Scriverius

83 2375 246 2408 verum
293 2365 420 2410 codd.
445 2366 569 2421 11292
619 2379 710 2422 quo
756 2370 845 2409 RH
896 2367 1000 2413 Pal.
1048 2374 1074 2413 1
1124 2369 1226 2413 Pal.
1276 2373 1304 2414 5
1342 2384 1399 2415 m.
1438 2383 1521 2415 sec.
1554 2371 1651 2415 edd.
1693 2369 1774 2426 qui

86 2421 192 2468 Pal.
234 2426 263 2468 4
297 2427 302 2479 1
339 2423 427 2468 alis
470 2423 694 2471 Gruterus
731 2440 786 2471 ex
820 2426 924 2471 Pal.
966 2431 995 2471 4
1039 2428 1136 2473 ales
1168 2432 1297 2471 PBH
1328 2429 1343 2485 11
1374 2433 1460 2473 295
1502 2442 1550 2473 se
1582 2429 1775 2474 attollat

81 2483 225 2536 Patr
262 2482 374 2528 Beh.
413 2482 544 2529 Leid.
583 2488 612 2529 4
650 2486 776 2531 codd.
818 2484 1007 2532 Gruteri
1038 2501 1088 2531 se
1127 2487 1269 2531 tollat
1307 2492 1421 2542 Bpg
1460 2490 1578 2545 (cum
1615 2491 1727 2545 ras.)
1765 2489 1770 2546 1

84 2541 241 2587 malim
278 2541 329 2586 in
367 2555 524 2598 auras3
566 2544 624 2599 cf.
667 2543 744 2590 Ov.
789 2544 902 2590 Met.
943 2546 1031 2590 IV
1059 2549 1148 2592 721
1196 2547 1325 2604 Very.
1365 2548 1481 2592 Aen.
1522 2548 1610 2592 IV
1646 2550 1775 2605 17611

94 2631 180 2675 298
216 2629 338 2676 ferat
374 2630 453 2675 hic
484 2636 516 2674 P
547 2633 562 2688 11
594 2637 675 2678 301
711 2619 911 2691 regnu¹1n
950 2638 1130 2694 Ρ11302
1162 2636 1263 2679 Hae
1296 2648 1489 2680 caussae
1518 2636 1773 2682 Lachman-

82 2700 192 2744 νινε,
233 2691 311 2735 cui
346 2704 501 2735 versus
538 2693 726 2748 spurius
764 2707 854 2739 esse
883 2695 1123 2740 videbatur
1156 2696 1163 2751 1
1199 2694 1353 2737 dicam
1391 2695 1596 2749 Bp¹rbL
1635 2697 1650 2751 11
1688 2700 1774 2739 304

84 2745 185 2814 alas
224 2753 258 2791 P
294 2750 311 2806 11
349 2754 434 2794 305
475 2751 523 2794 et
559 2751 773 2807 tempora
810 2755 946 2798 vasta
983 2753 1144 2810 galero
1185 2754 1442 2799 Scriverius
1471 2756 1487 2811 11
1519 2759 1606 2799 310
1632 2753 1775 2798 subli-

85 2817 175 2850 mis
196 2811 231 2850 P
278 2807 500 2853 sublimes
524 2813 612 2852 ΒΜ
633 2812 649 2868 11
673 2816 760 2855 314
786 2811 931 2856 animi
957 2814 1008 2859 Ο.
1027 2813 1281 2858 Muellerus
1313 2811 1480 2857 animis
1514 2814 1639 2858 codd.
1674 2813 1774 2857 ani-

89 2878 192 2909 mus
222 2866 532 2914 Baehreusius
