<?xml version="1.0" encoding="UTF-8"?>
<!DOCTYPE html PUBLIC "-//W3C//DTD XHTML 1.0 Transitional//EN"
    "http://www.w3.org/TR/xhtml1/DTD/xhtml1-transitional.dtd">
<html xmlns="http://www.w3.org/1999/xhtml" xml:lang="en" lang="en">
 <head>
  <title>
</title>
<meta http-equiv="Content-Type" content="text/html;charset=utf-8" />
  <meta name='ocr-system' content='tesseract 3.04.00' />
  <meta name='ocr-capabilities' content='ocr_page ocr_carea ocr_par ocr_line ocrx_word'/>
</head>
<body>
  <div class='ocr_page' id='page_1' title='image "./operapapinius12statuoft_0590.png"; bbox 0 0 1976 3126; ppageno 0'>
   <div class='ocr_carea' id='block_1_1' title="bbox 188 151 1289 203">
    <p class='ocr_par' dir='ltr' id='par_1_1' title="bbox 188 151 1289 203">
     <span class='ocr_line' id='line_1_1' title="bbox 188 151 1289 203; baseline -0.004 0"><span class='ocrx_word' id='word_1_1' title='bbox 188 151 297 203; x_wconf 79' lang='grc'>320</span> <span class='ocrx_word' id='word_1_2' title='bbox 755 153 805 198; x_wconf 91' lang='grc' dir='ltr'>Ρ.</span> <span class='ocrx_word' id='word_1_3' title='bbox 837 152 1065 198; x_wconf 81' lang='lat' dir='ltr'>PAPINII</span> <span class='ocrx_word' id='word_1_4' title='bbox 1097 154 1289 200; x_wconf 85' lang='lat' dir='ltr'>STATII</span> 
     </span>
    </p>
   </div>
   <div class='ocr_carea' id='block_1_2' title="bbox 188 274 1957 2491">
    <p class='ocr_par' dir='ltr' id='par_1_2' title="bbox 188 274 1874 567">
     <span class='ocr_line' id='line_1_2' title="bbox 188 274 1555 344; baseline 0.002 -18"><span class='ocrx_word' id='word_1_5' title='bbox 188 274 357 329; x_wconf 89' lang='lat' dir='ltr'>Vota:</span> <span class='ocrx_word' id='word_1_6' title='bbox 395 275 558 344; x_wconf 81' lang='lat' dir='ltr'>piabo</span> <span class='ocrx_word' id='word_1_7' title='bbox 600 293 791 327; x_wconf 88' lang='lat' dir='ltr'>manus</span> <span class='ocrx_word' id='word_1_8' title='bbox 834 278 888 327; x_wconf 90' lang='lat' dir='ltr'>et</span> <span class='ocrx_word' id='word_1_9' title='bbox 929 275 1116 328; x_wconf 88' lang='lat' dir='ltr'>eodem</span> <span class='ocrx_word' id='word_1_10' title='bbox 1155 279 1376 344; x_wconf 76' lang='lat' dir='ltr'>pectora</span> <span class='ocrx_word' id='word_1_11' title='bbox 1413 276 1555 329; x_wconf 89' lang='lat' dir='ltr'>ferro</span> 
     </span>
     <span class='ocr_line' id='line_1_3' title="bbox 189 348 1794 419; baseline 0.002 -19"><span class='ocrx_word' id='word_1_12' title='bbox 189 348 536 417; x_wconf 83' lang='lat' dir='ltr'>Rescindam,</span> <span class='ocrx_word' id='word_1_13' title='bbox 576 348 702 400; x_wconf 90' lang='lat' dir='ltr'>dum</span> <span class='ocrx_word' id='word_1_14' title='bbox 740 367 825 401; x_wconf 92' lang='lat' dir='ltr'>me</span> <span class='ocrx_word' id='word_1_15' title='bbox 866 348 1100 401; x_wconf 91' lang='lat' dir='ltr'>moriens</span> <span class='ocrx_word' id='word_1_16' title='bbox 1139 349 1228 403; x_wconf 91' lang='lat' dir='ltr'>hic</span> <span class='ocrx_word' id='word_1_17' title='bbox 1268 353 1481 419; x_wconf 89' lang='lat' dir='ltr'>sceptra</span> <span class='ocrx_word' id='word_1_18' title='bbox 1519 354 1794 404; x_wconf 87' lang='lat' dir='ltr'>tenentem</span> 
     </span>
     <span class='ocr_line' id='line_1_4' title="bbox 188 421 1874 492; baseline 0.003 -18"><span class='ocrx_word' id='word_1_19' title='bbox 188 421 421 492; x_wconf 88' lang='lat' dir='ltr'>Linquat</span> <span class='ocrx_word' id='word_1_20' title='bbox 461 425 515 475; x_wconf 90' lang='lat' dir='ltr'>et</span> <span class='ocrx_word' id='word_1_21' title='bbox 552 422 695 475; x_wconf 88' lang='lat' dir='ltr'>hunc</span> <span class='ocrx_word' id='word_1_22' title='bbox 735 441 913 475; x_wconf 89' lang='lat' dir='ltr'>secum</span> <span class='ocrx_word' id='word_1_23' title='bbox 952 426 1135 492; x_wconf 89' lang='lat' dir='ltr'>portet</span> <span class='ocrx_word' id='word_1_24' title='bbox 1166 424 1344 476; x_wconf 89' lang='lat' dir='ltr'>minor</span> <span class='ocrx_word' id='word_1_25' title='bbox 1374 425 1568 477; x_wconf 90' lang='lat' dir='ltr'>umbra</span> <span class='ocrx_word' id='word_1_26' title='bbox 1599 424 1874 479; x_wconf 90' lang='lat' dir='ltr'>dolorem.&#39;</span> 
     </span>
     <span class='ocr_line' id='line_1_5' title="bbox 188 495 1642 567; baseline 0.002 -19"><span class='ocrx_word' id='word_1_27' title='bbox 188 495 367 549; x_wconf 89' lang='lat' dir='ltr'>Hasta</span> <span class='ocrx_word' id='word_1_28' title='bbox 406 495 555 549; x_wconf 88' lang='lat' dir='ltr'>subit</span> <span class='ocrx_word' id='word_1_29' title='bbox 592 496 749 549; x_wconf 82' lang='lat' dir='ltr'>velox</span> <span class='ocrx_word' id='word_1_30' title='bbox 788 496 985 565; x_wconf 90' lang='lat' dir='ltr'>equitis</span> <span class='ocrx_word' id='word_1_31' title='bbox 1024 496 1200 550; x_wconf 87' lang='lat' dir='ltr'>femur</span> <span class='ocrx_word' id='word_1_32' title='bbox 1236 498 1377 550; x_wconf 89' lang='lat' dir='ltr'>inter</span> <span class='ocrx_word' id='word_1_33' title='bbox 1416 498 1642 567; x_wconf 84' lang='lat' dir='ltr'>equique</span> 
     </span>
    </p>

    <p class='ocr_par' dir='ltr' id='par_1_3' title="bbox 188 570 1875 714">
     <span class='ocr_line' id='line_1_6' title="bbox 188 570 1875 642; baseline 0.003 -20"><span class='ocrx_word' id='word_1_34' title='bbox 188 570 316 635; x_wconf 91' lang='lat' dir='ltr'>Ilia,</span> <span class='ocrx_word' id='word_1_35' title='bbox 356 571 521 622; x_wconf 92' lang='lat' dir='ltr'>letum</span> <span class='ocrx_word' id='word_1_36' title='bbox 563 571 776 640; x_wconf 85' lang='lat' dir='ltr'>utrique</span> <span class='ocrx_word' id='word_1_37' title='bbox 816 571 1029 642; x_wconf 81' lang='lat' dir='ltr'>volens3</span> <span class='ocrx_word' id='word_1_38' title='bbox 1069 570 1160 623; x_wconf 91' lang='lat' dir='ltr'>sed</span> <span class='ocrx_word' id='word_1_39' title='bbox 1198 571 1362 642; x_wconf 83' lang='lat' dir='ltr'>plaga</span> <span class='ocrx_word' id='word_1_40' title='bbox 1402 573 1637 625; x_wconf 89' lang='lat' dir='ltr'>sedentis</span> <span class='ocrx_word' id='word_1_41' title='bbox 1791 587 1875 627; x_wconf 90' lang='lat'>510</span> 
     </span>
     <span class='ocr_line' id='line_1_7' title="bbox 192 643 1398 714; baseline 0.002 -18"><span class='ocrx_word' id='word_1_42' title='bbox 192 643 399 697; x_wconf 87' lang='lat' dir='ltr'>Laxato</span> <span class='ocrx_word' id='word_1_43' title='bbox 439 645 613 697; x_wconf 86' lang='lat' dir='ltr'>vitata</span> <span class='ocrx_word' id='word_1_44' title='bbox 653 662 816 714; x_wconf 79' lang='lat' dir='ltr'>genn,</span> <span class='ocrx_word' id='word_1_45' title='bbox 855 647 1041 697; x_wconf 91' lang='lat' dir='ltr'>tamen</span> <span class='ocrx_word' id='word_1_46' title='bbox 1080 645 1245 698; x_wconf 87' lang='lat' dir='ltr'>inrita</span> <span class='ocrx_word' id='word_1_47' title='bbox 1283 646 1398 699; x_wconf 86' lang='lat' dir='ltr'>voti</span> 
     </span>
    </p>

    <p class='ocr_par' dir='ltr' id='par_1_4' title="bbox 194 716 1491 788">
     <span class='ocr_line' id='line_1_8' title="bbox 194 716 1491 788; baseline 0.001 -17"><span class='ocrx_word' id='word_1_48' title='bbox 194 716 390 786; x_wconf 77' lang='lat' dir='ltr'>Cuspis</span> <span class='ocrx_word' id='word_1_49' title='bbox 430 719 486 770; x_wconf 93' lang='lat' dir='ltr'>in</span> <span class='ocrx_word' id='word_1_50' title='bbox 527 719 762 788; x_wconf 80' lang='lat' dir='ltr'>obliquis</span> <span class='ocrx_word' id='word_1_51' title='bbox 803 719 1012 772; x_wconf 86' lang='lat' dir='ltr'>invenit</span> <span class='ocrx_word' id='word_1_52' title='bbox 1049 719 1271 772; x_wconf 82' lang='lat' dir='ltr'>vulnera</span> <span class='ocrx_word' id='word_1_53' title='bbox 1310 720 1491 773; x_wconf 72' lang='lat' dir='ltr'>costis</span> 
     </span>
    </p>

    <p class='ocr_par' dir='ltr' id='par_1_5' title="bbox 189 790 1714 939">
     <span class='ocr_line' id='line_1_9' title="bbox 189 790 1714 863; baseline 0.003 -20"><span class='ocrx_word' id='word_1_54' title='bbox 189 790 241 843; x_wconf 91' lang='lat' dir='ltr'>It</span> <span class='ocrx_word' id='word_1_55' title='bbox 279 810 534 861; x_wconf 88' lang='lat' dir='ltr'>praeceps</span> <span class='ocrx_word' id='word_1_56' title='bbox 577 793 791 862; x_wconf 89' lang='lat' dir='ltr'>sonipes</span> <span class='ocrx_word' id='word_1_57' title='bbox 833 793 1053 846; x_wconf 89' lang='lat' dir='ltr'>strictae</span> <span class='ocrx_word' id='word_1_58' title='bbox 1093 795 1436 863; x_wconf 90' lang='lat' dir='ltr'>contemptor</span> <span class='ocrx_word' id='word_1_59' title='bbox 1472 794 1714 847; x_wconf 87' lang='lat' dir='ltr'>habenae</span> 
     </span>
     <span class='ocr_line' id='line_1_10' title="bbox 189 865 1526 939; baseline 0.003 -22"><span class='ocrx_word' id='word_1_60' title='bbox 189 865 441 935; x_wconf 85' lang='lat' dir='ltr'>Arvaque</span> <span class='ocrx_word' id='word_1_61' title='bbox 483 867 780 937; x_wconf 88' lang='lat' dir='ltr'>sanguineo</span> <span class='ocrx_word' id='word_1_62' title='bbox 823 866 1014 920; x_wconf 89' lang='lat' dir='ltr'>scribit</span> <span class='ocrx_word' id='word_1_63' title='bbox 1050 867 1333 920; x_wconf 73' lang='lat' dir='ltr'>rutilantia</span> <span class='ocrx_word' id='word_1_64' title='bbox 1372 885 1526 939; x_wconf 91' lang='lat' dir='ltr'>gyro.</span> 
     </span>
    </p>

    <p class='ocr_par' dir='ltr' id='par_1_6' title="bbox 188 938 1957 1531">
     <span class='ocr_line' id='line_1_11' title="bbox 188 938 1954 996; baseline 0.003 -5"><span class='ocrx_word' id='word_1_65' title='bbox 188 938 417 992; x_wconf 82' lang='lat' dir='ltr'>Exultat</span> <span class='ocrx_word' id='word_1_66' title='bbox 453 939 638 994; x_wconf 85' lang='lat' dir='ltr'>fratris</span> <span class='ocrx_word' id='word_1_67' title='bbox 681 941 900 994; x_wconf 88' lang='lat' dir='ltr'>credens</span> <span class='ocrx_word' id='word_1_68' title='bbox 938 941 1082 995; x_wconf 91' lang='lat' dir='ltr'>hunc</span> <span class='ocrx_word' id='word_1_69' title='bbox 1119 941 1213 994; x_wconf 90' lang='lat' dir='ltr'>ille</span> <span class='ocrx_word' id='word_1_70' title='bbox 1253 959 1519 995; x_wconf 88' lang='lat' dir='ltr'>cruorem:</span> <span class='ocrx_word' id='word_1_71' title='bbox 1790 955 1873 996; x_wconf 87' lang='lat'>515</span> <span class='ocrx_word' id='word_1_72' title='bbox 1948 990 1954 991; x_wconf 15' lang='grc' dir='ltr'><em>γ</em></span> 
     </span>
     <span class='ocr_line' id='line_1_12' title="bbox 191 1012 1688 1084; baseline 0.002 -18"><span class='ocrx_word' id='word_1_73' title='bbox 191 1012 375 1067; x_wconf 81' lang='lat' dir='ltr'>Credit</span> <span class='ocrx_word' id='word_1_74' title='bbox 416 1017 469 1066; x_wconf 90' lang='lat' dir='ltr'>et</span> <span class='ocrx_word' id='word_1_75' title='bbox 507 1014 623 1083; x_wconf 91' lang='lat' dir='ltr'>ipse</span> <span class='ocrx_word' id='word_1_76' title='bbox 663 1018 834 1084; x_wconf 83' lang='lat' dir='ltr'>metu3</span> <span class='ocrx_word' id='word_1_77' title='bbox 874 1015 1008 1068; x_wconf 88' lang='lat' dir='ltr'>totis</span> <span class='ocrx_word' id='word_1_78' title='bbox 1047 1015 1261 1084; x_wconf 89' lang='lat' dir='ltr'>iamque</span> <span class='ocrx_word' id='word_1_79' title='bbox 1299 1016 1423 1069; x_wconf 86' lang='lat' dir='ltr'>exul</span> <span class='ocrx_word' id='word_1_80' title='bbox 1462 1016 1688 1070; x_wconf 86' lang='lat' dir='ltr'>habenis</span> 
     </span>
     <span class='ocr_line' id='line_1_13' title="bbox 190 1087 1600 1160; baseline 0.004 -21"><span class='ocrx_word' id='word_1_81' title='bbox 190 1087 466 1158; x_wconf 83' lang='lat' dir='ltr'>Indulget,</span> <span class='ocrx_word' id='word_1_82' title='bbox 506 1107 798 1159; x_wconf 89' lang='lat' dir='ltr'>caecusque</span> <span class='ocrx_word' id='word_1_83' title='bbox 839 1090 1023 1143; x_wconf 84' lang='lat' dir='ltr'>avidos</span> <span class='ocrx_word' id='word_1_84' title='bbox 1064 1090 1244 1143; x_wconf 92' lang='lat' dir='ltr'>inlidit</span> <span class='ocrx_word' id='word_1_85' title='bbox 1281 1091 1338 1143; x_wconf 90' lang='lat' dir='ltr'>in</span> <span class='ocrx_word' id='word_1_86' title='bbox 1378 1108 1600 1160; x_wconf 89' lang='lat' dir='ltr'>aegrum</span> 
     </span>
     <span class='ocr_line' id='line_1_14' title="bbox 194 1160 1693 1234; baseline 0.003 -20"><span class='ocrx_word' id='word_1_87' title='bbox 194 1160 550 1231; x_wconf 83' lang='lat' dir='ltr'>Cornipedem</span> <span class='ocrx_word' id='word_1_88' title='bbox 592 1181 792 1216; x_wconf 73' lang='lat' dir='ltr'>cursus</span> <span class='ocrx_word' id='word_1_89' title='bbox 868 1163 1167 1217; x_wconf 80' lang='lat' dir='ltr'>Miscentur</span> <span class='ocrx_word' id='word_1_90' title='bbox 1205 1164 1359 1217; x_wconf 90' lang='lat' dir='ltr'>frena</span> <span class='ocrx_word' id='word_1_91' title='bbox 1396 1183 1693 1234; x_wconf 89' lang='lat' dir='ltr'>manusque</span> 
     </span>
     <span class='ocr_line' id='line_1_15' title="bbox 191 1235 1953 1307; baseline 0.003 -20"><span class='ocrx_word' id='word_1_92' title='bbox 191 1235 451 1306; x_wconf 84' lang='lat' dir='ltr'>Telaque,</span> <span class='ocrx_word' id='word_1_93' title='bbox 492 1240 546 1289; x_wconf 92' lang='lat' dir='ltr'>et</span> <span class='ocrx_word' id='word_1_94' title='bbox 586 1237 653 1290; x_wconf 85' lang='lat' dir='ltr'>ad</span> <span class='ocrx_word' id='word_1_95' title='bbox 692 1241 892 1290; x_wconf 87' lang='lat' dir='ltr'>terram</span> <span class='ocrx_word' id='word_1_96' title='bbox 933 1238 1166 1291; x_wconf 87' lang='lat' dir='ltr'>turbatis</span> <span class='ocrx_word' id='word_1_97' title='bbox 1208 1238 1485 1307; x_wconf 80' lang='lat' dir='ltr'>gressibus</span> <span class='ocrx_word' id='word_1_98' title='bbox 1525 1239 1685 1292; x_wconf 90' lang='lat' dir='ltr'>ambo</span> <span class='ocrx_word' id='word_1_99' title='bbox 1951 1299 1953 1305; x_wconf 47' lang='lat'>‚</span> 
     </span>
     <span class='ocr_line' id='line_1_16' title="bbox 188 1308 1957 1382; baseline 0.003 -20"><span class='ocrx_word' id='word_1_100' title='bbox 188 1308 570 1379; x_wconf 84' lang='lat' dir='ltr'>Praecipitant.</span> <span class='ocrx_word' id='word_1_101' title='bbox 631 1309 708 1364; x_wconf 91' lang='lat' dir='ltr'>Ut</span> <span class='ocrx_word' id='word_1_102' title='bbox 747 1316 907 1366; x_wconf 88' lang='lat' dir='ltr'>nocte</span> <span class='ocrx_word' id='word_1_103' title='bbox 938 1316 1106 1382; x_wconf 79' lang='lat' dir='ltr'>rates„</span> <span class='ocrx_word' id='word_1_104' title='bbox 1145 1331 1277 1381; x_wconf 91' lang='lat' dir='ltr'>quas</span> <span class='ocrx_word' id='word_1_105' title='bbox 1308 1313 1525 1366; x_wconf 89' lang='lat' dir='ltr'>nubilus</span> <span class='ocrx_word' id='word_1_106' title='bbox 1559 1314 1759 1367; x_wconf 90' lang='lat' dir='ltr'>Auster</span> <span class='ocrx_word' id='word_1_107' title='bbox 1793 1326 1878 1367; x_wconf 85' lang='lat'>520</span> <span class='ocrx_word' id='word_1_108' title='bbox 1944 1344 1957 1367; x_wconf 79' lang='grc'>;</span> 
     </span>
     <span class='ocr_line' id='line_1_17' title="bbox 191 1382 1692 1457; baseline 0.004 -22"><span class='ocrx_word' id='word_1_109' title='bbox 191 1382 492 1453; x_wconf 87' lang='lat' dir='ltr'>Implicuit,</span> <span class='ocrx_word' id='word_1_110' title='bbox 530 1385 794 1457; x_wconf 87' lang='lat' dir='ltr'>frangunt</span> <span class='ocrx_word' id='word_1_111' title='bbox 831 1389 1020 1440; x_wconf 90' lang='lat' dir='ltr'>tonsas</span> <span class='ocrx_word' id='word_1_112' title='bbox 1061 1389 1379 1456; x_wconf 87' lang='lat' dir='ltr'>mutantque</span> <span class='ocrx_word' id='word_1_113' title='bbox 1417 1387 1692 1457; x_wconf 76' lang='lat' dir='ltr'>rudenteS,</span> 
     </span>
     <span class='ocr_line' id='line_1_18' title="bbox 190 1457 1552 1531; baseline 0.003 -21"><span class='ocrx_word' id='word_1_114' title='bbox 190 1457 557 1528; x_wconf 89' lang='lat' dir='ltr'>Luctataeque</span> <span class='ocrx_word' id='word_1_115' title='bbox 597 1460 688 1512; x_wconf 91' lang='lat' dir='ltr'>diu</span> <span class='ocrx_word' id='word_1_116' title='bbox 727 1461 966 1514; x_wconf 87' lang='lat' dir='ltr'>tenebris</span> <span class='ocrx_word' id='word_1_117' title='bbox 1004 1460 1279 1530; x_wconf 89' lang='lat' dir='ltr'>hiemique</span> <span class='ocrx_word' id='word_1_118' title='bbox 1321 1460 1552 1531; x_wconf 87' lang='lat' dir='ltr'>sibique,</span> 
     </span>
    </p>

    <p class='ocr_par' dir='ltr' id='par_1_7' title="bbox 194 1530 1498 1604">
     <span class='ocr_line' id='line_1_19' title="bbox 194 1530 1498 1604; baseline 0.003 -20"><span class='ocrx_word' id='word_1_119' title='bbox 194 1530 344 1585; x_wconf 82' lang='lat' dir='ltr'>Sicut</span> <span class='ocrx_word' id='word_1_120' title='bbox 384 1536 557 1602; x_wconf 90' lang='lat' dir='ltr'>erant,</span> <span class='ocrx_word' id='word_1_121' title='bbox 597 1534 706 1587; x_wconf 91' lang='lat' dir='ltr'>imo</span> <span class='ocrx_word' id='word_1_122' title='bbox 744 1535 950 1604; x_wconf 88' lang='lat' dir='ltr'>pariter</span> <span class='ocrx_word' id='word_1_123' title='bbox 990 1535 1171 1588; x_wconf 88' lang='lat' dir='ltr'>sedere</span> <span class='ocrx_word' id='word_1_124' title='bbox 1208 1534 1498 1603; x_wconf 86' lang='lat' dir='ltr'>profundo:</span> 
     </span>
    </p>

    <p class='ocr_par' dir='ltr' id='par_1_8' title="bbox 190 1605 1876 1824">
     <span class='ocr_line' id='line_1_20' title="bbox 190 1605 1804 1679; baseline 0.003 -21"><span class='ocrx_word' id='word_1_125' title='bbox 190 1605 341 1659; x_wconf 90' lang='lat' dir='ltr'>Haec</span> <span class='ocrx_word' id='word_1_126' title='bbox 379 1624 595 1676; x_wconf 82' lang='lat' dir='ltr'>pugnae</span> <span class='ocrx_word' id='word_1_127' title='bbox 634 1607 814 1662; x_wconf 83' lang='lat' dir='ltr'>facies,</span> <span class='ocrx_word' id='word_1_128' title='bbox 893 1607 1103 1661; x_wconf 86' lang='lat' dir='ltr'>Coeunt</span> <span class='ocrx_word' id='word_1_129' title='bbox 1143 1609 1258 1662; x_wconf 91' lang='lat' dir='ltr'>sine</span> <span class='ocrx_word' id='word_1_130' title='bbox 1297 1627 1469 1677; x_wconf 91' lang='lat' dir='ltr'>more,</span> <span class='ocrx_word' id='word_1_131' title='bbox 1510 1609 1624 1662; x_wconf 89' lang='lat' dir='ltr'>sine</span> <span class='ocrx_word' id='word_1_132' title='bbox 1665 1612 1804 1679; x_wconf 85' lang='lat' dir='ltr'>arte,</span> 
     </span>
     <span class='ocr_line' id='line_1_21' title="bbox 191 1679 1876 1752; baseline 0.004 -21"><span class='ocrx_word' id='word_1_133' title='bbox 191 1679 427 1733; x_wconf 86' lang='lat' dir='ltr'>Tantum</span> <span class='ocrx_word' id='word_1_134' title='bbox 467 1681 677 1734; x_wconf 89' lang='lat' dir='ltr'>animos</span> <span class='ocrx_word' id='word_1_135' title='bbox 718 1682 933 1752; x_wconf 87' lang='lat' dir='ltr'>irasque</span> <span class='ocrx_word' id='word_1_136' title='bbox 974 1686 1136 1751; x_wconf 89' lang='lat' dir='ltr'>atque</span> <span class='ocrx_word' id='word_1_137' title='bbox 1166 1682 1502 1752; x_wconf 83' lang='lat' dir='ltr'>ignescentia</span> <span class='ocrx_word' id='word_1_138' title='bbox 1535 1687 1759 1737; x_wconf 88' lang='lat' dir='ltr'>cernunt</span> <span class='ocrx_word' id='word_1_139' title='bbox 1791 1696 1876 1737; x_wconf 87' lang='lat'>525</span> 
     </span>
     <span class='ocr_line' id='line_1_22' title="bbox 191 1751 1536 1824; baseline 0.004 -19"><span class='ocrx_word' id='word_1_140' title='bbox 191 1751 296 1806; x_wconf 92' lang='lat' dir='ltr'>Per</span> <span class='ocrx_word' id='word_1_141' title='bbox 336 1755 518 1824; x_wconf 87' lang='lat' dir='ltr'>galeas</span> <span class='ocrx_word' id='word_1_142' title='bbox 560 1755 685 1808; x_wconf 90' lang='lat' dir='ltr'>odia</span> <span class='ocrx_word' id='word_1_143' title='bbox 725 1758 779 1808; x_wconf 92' lang='lat' dir='ltr'>et</span> <span class='ocrx_word' id='word_1_144' title='bbox 816 1757 998 1809; x_wconf 82' lang='lat' dir='ltr'>vultus</span> <span class='ocrx_word' id='word_1_145' title='bbox 1038 1757 1304 1809; x_wconf 88' lang='lat' dir='ltr'>rimantur</span> <span class='ocrx_word' id='word_1_146' title='bbox 1343 1757 1536 1810; x_wconf 87' lang='lat' dir='ltr'>acerbo</span> 
     </span>
    </p>

    <p class='ocr_par' dir='ltr' id='par_1_9' title="bbox 189 1826 1536 1898">
     <span class='ocr_line' id='line_1_23' title="bbox 189 1826 1536 1898; baseline 0.004 -19"><span class='ocrx_word' id='word_1_147' title='bbox 189 1826 439 1881; x_wconf 88' lang='lat' dir='ltr'>Lumine:</span> <span class='ocrx_word' id='word_1_148' title='bbox 478 1829 558 1881; x_wconf 92' lang='lat' dir='ltr'>nil</span> <span class='ocrx_word' id='word_1_149' title='bbox 598 1829 731 1882; x_wconf 91' lang='lat' dir='ltr'>adeo</span> <span class='ocrx_word' id='word_1_150' title='bbox 772 1830 1247 1898; x_wconf 81' lang='lat' dir='ltr'>mediae·telluriS,</span> <span class='ocrx_word' id='word_1_151' title='bbox 1288 1833 1343 1883; x_wconf 91' lang='lat' dir='ltr'>et</span> <span class='ocrx_word' id='word_1_152' title='bbox 1382 1849 1536 1884; x_wconf 88' lang='lat' dir='ltr'>enses</span> 
     </span>
    </p>

    <p class='ocr_par' dir='ltr' id='par_1_10' title="bbox 189 1900 1942 2270">
     <span class='ocr_line' id='line_1_24' title="bbox 191 1900 1559 1974; baseline 0.004 -21"><span class='ocrx_word' id='word_1_153' title='bbox 191 1900 452 1970; x_wconf 82' lang='lat' dir='ltr'>Impliciti</span> <span class='ocrx_word' id='word_1_154' title='bbox 488 1922 762 1973; x_wconf 88' lang='lat' dir='ltr'>nexaeque</span> <span class='ocrx_word' id='word_1_155' title='bbox 801 1923 1016 1974; x_wconf 78' lang='lat' dir='ltr'>manUS,</span> <span class='ocrx_word' id='word_1_156' title='bbox 1056 1905 1372 1974; x_wconf 86' lang='lat' dir='ltr'>alternaque</span> <span class='ocrx_word' id='word_1_157' title='bbox 1413 1905 1559 1958; x_wconf 87' lang='lat' dir='ltr'>saevi</span> 
     </span>
     <span class='ocr_line' id='line_1_25' title="bbox 189 1975 1919 2050; baseline 0.004 -22"><span class='ocrx_word' id='word_1_158' title='bbox 189 1975 470 2030; x_wconf 88' lang='lat' dir='ltr'>Murmura</span> <span class='ocrx_word' id='word_1_159' title='bbox 508 1995 603 2030; x_wconf 91' lang='lat' dir='ltr'>ceu</span> <span class='ocrx_word' id='word_1_160' title='bbox 642 1978 807 2031; x_wconf 89' lang='lat' dir='ltr'>lituos</span> <span class='ocrx_word' id='word_1_161' title='bbox 847 1979 1069 2047; x_wconf 85' lang='lat' dir='ltr'>rapiunt</span> <span class='ocrx_word' id='word_1_162' title='bbox 1109 1982 1203 2032; x_wconf 90' lang='lat' dir='ltr'>aut</span> <span class='ocrx_word' id='word_1_163' title='bbox 1243 1979 1400 2050; x_wconf 90' lang='lat' dir='ltr'>signa</span> <span class='ocrx_word' id='word_1_164' title='bbox 1438 1979 1705 2033; x_wconf 88' lang='lat' dir='ltr'>tubarum.</span> <span class='ocrx_word' id='word_1_165' title='bbox 1918 2034 1919 2037; x_wconf 74' lang='grc'>,</span> 
     </span>
     <span class='ocr_line' id='line_1_26' title="bbox 189 2048 1876 2122; baseline 0.003 -20"><span class='ocrx_word' id='word_1_166' title='bbox 189 2048 501 2104; x_wconf 87' lang='lat' dir='ltr'>Fulmineos</span> <span class='ocrx_word' id='word_1_167' title='bbox 541 2052 709 2105; x_wconf 87' lang='lat' dir='ltr'>veluti</span> <span class='ocrx_word' id='word_1_168' title='bbox 748 2070 1005 2122; x_wconf 86' lang='lat' dir='ltr'>praeceps</span> <span class='ocrx_word' id='word_1_169' title='bbox 1047 2071 1167 2106; x_wconf 92' lang='lat' dir='ltr'>cum</span> <span class='ocrx_word' id='word_1_170' title='bbox 1207 2053 1505 2107; x_wconf 91' lang='lat' dir='ltr'>comminus</span> <span class='ocrx_word' id='word_1_171' title='bbox 1547 2054 1659 2122; x_wconf 92' lang='lat' dir='ltr'>egit</span> <span class='ocrx_word' id='word_1_172' title='bbox 1791 2066 1876 2107; x_wconf 88' lang='lat'>530</span> 
     </span>
     <span class='ocr_line' id='line_1_27' title="bbox 189 2123 1485 2196; baseline 0.003 -20"><span class='ocrx_word' id='word_1_173' title='bbox 189 2123 280 2177; x_wconf 87' lang='lat' dir='ltr'>Ira</span> <span class='ocrx_word' id='word_1_174' title='bbox 318 2143 439 2178; x_wconf 92' lang='lat' dir='ltr'>sues</span> <span class='ocrx_word' id='word_1_175' title='bbox 481 2126 790 2196; x_wconf 87' lang='lat' dir='ltr'>strictisque</span> <span class='ocrx_word' id='word_1_176' title='bbox 831 2127 1001 2179; x_wconf 88' lang='lat' dir='ltr'>ere-xit</span> <span class='ocrx_word' id='word_1_177' title='bbox 1038 2130 1259 2196; x_wconf 87' lang='lat' dir='ltr'>tergora</span> <span class='ocrx_word' id='word_1_178' title='bbox 1298 2127 1485 2180; x_wconf 87' lang='lat' dir='ltr'>saetis:</span> 
     </span>
     <span class='ocr_line' id='line_1_28' title="bbox 191 2197 1627 2270; baseline 0.002 -19"><span class='ocrx_word' id='word_1_179' title='bbox 191 2197 325 2268; x_wconf 91' lang='lat' dir='ltr'>Igne</span> <span class='ocrx_word' id='word_1_180' title='bbox 363 2202 607 2252; x_wconf 90' lang='lat' dir='ltr'>tremunt</span> <span class='ocrx_word' id='word_1_181' title='bbox 645 2199 812 2267; x_wconf 88' lang='lat' dir='ltr'>oculi,</span> <span class='ocrx_word' id='word_1_182' title='bbox 851 2201 1146 2270; x_wconf 89' lang='lat' dir='ltr'>lunataque</span> <span class='ocrx_word' id='word_1_183' title='bbox 1185 2201 1436 2255; x_wconf 90' lang='lat' dir='ltr'>dentibus</span> <span class='ocrx_word' id='word_1_184' title='bbox 1477 2201 1627 2254; x_wconf 89' lang='lat' dir='ltr'>uncis</span> 
     </span>
    </p>

    <p class='ocr_par' dir='ltr' id='par_1_11' title="bbox 189 2272 1674 2418">
     <span class='ocr_line' id='line_1_29' title="bbox 193 2272 1674 2345; baseline 0 -17"><span class='ocrx_word' id='word_1_185' title='bbox 193 2272 299 2328; x_wconf 85' lang='lat' dir='ltr'>Ora</span> <span class='ocrx_word' id='word_1_186' title='bbox 341 2277 557 2342; x_wconf 81' lang='lat' dir='ltr'>sonant3</span> <span class='ocrx_word' id='word_1_187' title='bbox 599 2277 808 2343; x_wconf 87' lang='lat' dir='ltr'>spectat</span> <span class='ocrx_word' id='word_1_188' title='bbox 845 2292 1056 2345; x_wconf 88' lang='lat' dir='ltr'>pugnas</span> <span class='ocrx_word' id='word_1_189' title='bbox 1097 2276 1162 2328; x_wconf 92' lang='lat' dir='ltr'>de</span> <span class='ocrx_word' id='word_1_190' title='bbox 1200 2294 1332 2344; x_wconf 91' lang='lat' dir='ltr'>rupe</span> <span class='ocrx_word' id='word_1_191' title='bbox 1370 2276 1674 2345; x_wconf 87' lang='lat' dir='ltr'>propinqua</span> 
     </span>
     <span class='ocr_line' id='line_1_30' title="bbox 189 2346 1561 2418; baseline 0.003 -19"><span class='ocrx_word' id='word_1_192' title='bbox 189 2346 433 2399; x_wconf 89' lang='lat' dir='ltr'>Venator</span> <span class='ocrx_word' id='word_1_193' title='bbox 471 2348 682 2416; x_wconf 89' lang='lat' dir='ltr'>pallens</span> <span class='ocrx_word' id='word_1_194' title='bbox 723 2349 1051 2418; x_wconf 90' lang='lat' dir='ltr'>canibusque</span> <span class='ocrx_word' id='word_1_195' title='bbox 1093 2349 1311 2402; x_wconf 88' lang='lat' dir='ltr'>silentia</span> <span class='ocrx_word' id='word_1_196' title='bbox 1351 2349 1561 2403; x_wconf 88' lang='lat' dir='ltr'>suadet:</span> 
     </span>
    </p>

    <p class='ocr_par' dir='ltr' id='par_1_12' title="bbox 193 2419 1872 2491">
     <span class='ocr_line' id='line_1_31' title="bbox 193 2419 1872 2491; baseline 0.001 -18"><span class='ocrx_word' id='word_1_197' title='bbox 193 2419 280 2473; x_wconf 83' lang='lat' dir='ltr'>Sic</span> <span class='ocrx_word' id='word_1_198' title='bbox 320 2421 462 2473; x_wconf 87' lang='lat' dir='ltr'>avidi</span> <span class='ocrx_word' id='word_1_199' title='bbox 499 2421 803 2491; x_wconf 81' lang='lat' dir='ltr'>incurrunt3</span> <span class='ocrx_word' id='word_1_200' title='bbox 842 2423 1070 2476; x_wconf 90' lang='lat' dir='ltr'>necdum</span> <span class='ocrx_word' id='word_1_201' title='bbox 1109 2423 1294 2477; x_wconf 86' lang='lat' dir='ltr'>letalia</span> <span class='ocrx_word' id='word_1_202' title='bbox 1333 2424 1561 2476; x_wconf 89' lang='lat' dir='ltr'>miscent</span> <span class='ocrx_word' id='word_1_203' title='bbox 1789 2434 1872 2475; x_wconf 87' lang='lat'>535</span> 
     </span>
    </p>
   </div>
   <div class='ocr_carea' id='block_1_3' title="bbox 1909 0 1976 3126">
    <p class='ocr_par' dir='ltr' id='par_1_13' title="bbox 1909 0 1976 3126">
     <span class='ocr_line' id='line_1_32' title="bbox 1909 0 1976 3126; baseline 0 0"><span class='ocrx_word' id='word_1_204' title='bbox 1909 0 1976 3126; x_wconf 95' lang='lat' dir='ltr'> </span> 
     </span>
    </p>
   </div>
   <div class='ocr_carea' id='block_1_4' title="bbox 1916 1608 1955 1843">
    <p class='ocr_par' dir='ltr' id='par_1_14' title="bbox 1916 1608 1955 1843">
     <span class='ocr_line' id='line_1_33' title="bbox 1916 1608 1949 1743; baseline 0 0"><span class='ocrx_word' id='word_1_205' title='bbox 1916 1608 1949 1743; x_wconf 57' lang='lat'><em>5</em></span> 
     </span>
     <span class='ocr_line' id='line_1_34' title="bbox 1943 1831 1955 1843; baseline -0.167 0"><span class='ocrx_word' id='word_1_206' title='bbox 1943 1831 1955 1843; x_wconf 87' lang='grc'><em>,</em></span> 
     </span>
    </p>
   </div>
   <div class='ocr_carea' id='block_1_5' title="bbox 190 2526 546 2531">
    <p class='ocr_par' dir='ltr' id='par_1_15' title="bbox 190 2526 546 2531">
     <span class='ocr_line' id='line_1_35' title="bbox 190 2526 546 2531; baseline 0 0"><span class='ocrx_word' id='word_1_207' title='bbox 190 2526 546 2531; x_wconf 95' lang='lat' dir='ltr'> </span> 
     </span>
    </p>
   </div>
   <div class='ocr_carea' id='block_1_6' title="bbox 190 2581 1959 2938">
    <p class='ocr_par' dir='ltr' id='par_1_16' title="bbox 190 2581 1959 2938">
     <span class='ocr_line' id='line_1_36' title="bbox 311 2581 1872 2641; baseline -0.001 -14"><span class='ocrx_word' id='word_1_208' title='bbox 311 2587 397 2627; x_wconf 89' lang='grc'>506</span> <span class='ocrx_word' id='word_1_209' title='bbox 414 2582 628 2640; x_wconf 89' lang='lat' dir='ltr'>tempora</span> <span class='ocrx_word' id='word_1_210' title='bbox 643 2587 675 2625; x_wconf 98' lang='lat' dir='ltr'>P</span> <span class='ocrx_word' id='word_1_211' title='bbox 698 2584 714 2639; x_wconf 84' lang='grc' dir='ltr'>ΙΙ</span> <span class='ocrx_word' id='word_1_212' title='bbox 738 2587 824 2627; x_wconf 90' lang='lat'>510</span> <span class='ocrx_word' id='word_1_213' title='bbox 847 2581 1081 2638; x_wconf 83' lang='lat' dir='ltr'>utrimque</span> <span class='ocrx_word' id='word_1_214' title='bbox 1099 2588 1131 2626; x_wconf 87' lang='lat' dir='ltr'>P</span> <span class='ocrx_word' id='word_1_215' title='bbox 1159 2585 1165 2639; x_wconf 87' lang='grc' dir='ltr'>Ι</span> <span class='ocrx_word' id='word_1_216' title='bbox 1192 2596 1365 2628; x_wconf 80' lang='lat' dir='ltr'>vovens</span> <span class='ocrx_word' id='word_1_217' title='bbox 1384 2584 1607 2630; x_wconf 75' lang='lat' dir='ltr'>Heinsius</span> <span class='ocrx_word' id='word_1_218' title='bbox 1629 2585 1644 2641; x_wconf 84' lang='grc' dir='ltr'>ΙΙ</span> <span class='ocrx_word' id='word_1_219' title='bbox 1669 2589 1751 2629; x_wconf 90' lang='grc'>511</span> <span class='ocrx_word' id='word_1_220' title='bbox 1769 2584 1872 2627; x_wconf 87' lang='lat' dir='ltr'>tan-</span> 
     </span>
     <span class='ocr_line' id='line_1_37' title="bbox 190 2640 1873 2700; baseline 0.003 -16"><span class='ocrx_word' id='word_1_221' title='bbox 190 2643 293 2685; x_wconf 89' lang='lat' dir='ltr'>tum</span> <span class='ocrx_word' id='word_1_222' title='bbox 316 2642 622 2687; x_wconf 74' lang='lat' dir='ltr'>Baehrensius</span> <span class='ocrx_word' id='word_1_223' title='bbox 645 2644 661 2699; x_wconf 82' lang='grc' dir='ltr'>ΙΙ</span> <span class='ocrx_word' id='word_1_224' title='bbox 685 2646 769 2687; x_wconf 87' lang='grc'>515</span> <span class='ocrx_word' id='word_1_225' title='bbox 796 2655 896 2686; x_wconf 89' lang='lat' dir='ltr'>esse</span> <span class='ocrx_word' id='word_1_226' title='bbox 916 2657 959 2685; x_wconf 90' lang='lat' dir='ltr'>m</span> <span class='ocrx_word' id='word_1_227' title='bbox 982 2644 1078 2688; x_wconf 81' lang='lat' dir='ltr'>edd.</span> <span class='ocrx_word' id='word_1_228' title='bbox 1105 2642 1196 2687; x_wconf 87' lang='lat' dir='ltr'>isse</span> <span class='ocrx_word' id='word_1_229' title='bbox 1213 2643 1440 2688; x_wconf 80' lang='lat' dir='ltr'>Barthius</span> <span class='ocrx_word' id='word_1_230' title='bbox 1461 2642 1529 2688; x_wconf 92' lang='lat' dir='ltr'>ire</span> <span class='ocrx_word' id='word_1_231' title='bbox 1544 2640 1873 2700; x_wconf 69' lang='lat' dir='ltr'>Buffmwnnusss</span> 
     </span>
     <span class='ocr_line' id='line_1_38' title="bbox 192 2699 1959 2763; baseline 0 -19"><span class='ocrx_word' id='word_1_232' title='bbox 192 2705 278 2745; x_wconf 81' lang='lat'>517</span> <span class='ocrx_word' id='word_1_233' title='bbox 319 2714 573 2758; x_wconf 85' lang='lat' dir='ltr'>caecosque</span> <span class='ocrx_word' id='word_1_234' title='bbox 604 2706 636 2744; x_wconf 87' lang='lat' dir='ltr'>P</span> <span class='ocrx_word' id='word_1_235' title='bbox 667 2703 682 2758; x_wconf 82' lang='grc' dir='ltr'>ΙΙ</span> <span class='ocrx_word' id='word_1_236' title='bbox 716 2706 798 2746; x_wconf 90' lang='lat'>521</span> <span class='ocrx_word' id='word_1_237' title='bbox 840 2703 1055 2759; x_wconf 89' lang='lat' dir='ltr'>pangunt</span> <span class='ocrx_word' id='word_1_238' title='bbox 1084 2707 1117 2745; x_wconf 89' lang='lat' dir='ltr'>P</span> <span class='ocrx_word' id='word_1_239' title='bbox 1147 2702 1273 2748; x_wconf 77' lang='lat' dir='ltr'>Dan.</span> <span class='ocrx_word' id='word_1_240' title='bbox 1313 2704 1625 2760; x_wconf 89' lang='lat' dir='ltr'>rumpuntque</span> <span class='ocrx_word' id='word_1_241' title='bbox 1662 2703 1697 2747; x_wconf 89' lang='lat' dir='ltr'>t.</span> <span class='ocrx_word' id='word_1_242' title='bbox 1735 2699 1872 2746; x_wconf 84' lang='lat' dir='ltr'>muti·</span> <span class='ocrx_word' id='word_1_243' title='bbox 1952 2704 1959 2763; x_wconf 32' lang='grc' dir='ltr'>ζ</span> 
     </span>
     <span class='ocr_line' id='line_1_39' title="bbox 191 2759 1872 2818; baseline 0 -15"><span class='ocrx_word' id='word_1_244' title='bbox 191 2760 385 2815; x_wconf 88' lang='lat' dir='ltr'>lantque</span> <span class='ocrx_word' id='word_1_245' title='bbox 416 2761 643 2806; x_wconf 79' lang='lat' dir='ltr'>Barthius</span> <span class='ocrx_word' id='word_1_246' title='bbox 675 2762 690 2818; x_wconf 77' lang='grc'>11</span> <span class='ocrx_word' id='word_1_247' title='bbox 725 2765 811 2805; x_wconf 82' lang='lat'>525</span> <span class='ocrx_word' id='word_1_248' title='bbox 861 2759 1041 2805; x_wconf 87' lang='lat' dir='ltr'>animos</span> <span class='ocrx_word' id='word_1_249' title='bbox 1088 2761 1275 2817; x_wconf 87' lang='lat' dir='ltr'>irasque</span> <span class='ocrx_word' id='word_1_250' title='bbox 1313 2767 1346 2804; x_wconf 93' lang='lat' dir='ltr'>P</span> <span class='ocrx_word' id='word_1_251' title='bbox 1389 2760 1557 2806; x_wconf 83' lang='lat' dir='ltr'>animis</span> <span class='ocrx_word' id='word_1_252' title='bbox 1594 2762 1756 2818; x_wconf 88' lang='lat' dir='ltr'>iraque</span> <span class='ocrx_word' id='word_1_253' title='bbox 1784 2763 1872 2804; x_wconf 74' lang='lat' dir='ltr'>Bu</span> 
     </span>
     <span class='ocr_line' id='line_1_40' title="bbox 194 2818 1871 2877; baseline 0.001 -15"><span class='ocrx_word' id='word_1_254' title='bbox 194 2818 360 2863; x_wconf 86' lang='lat' dir='ltr'>animis</span> <span class='ocrx_word' id='word_1_255' title='bbox 392 2818 532 2864; x_wconf 87' lang='lat' dir='ltr'>irasci</span> <span class='ocrx_word' id='word_1_256' title='bbox 564 2820 619 2863; x_wconf 67' lang='lat'>(3²</span> <span class='ocrx_word' id='word_1_257' title='bbox 643 2823 658 2877; x_wconf 86' lang='grc' dir='ltr'>ΙΙ</span> <span class='ocrx_word' id='word_1_258' title='bbox 690 2825 775 2865; x_wconf 84' lang='lat'>528</span> <span class='ocrx_word' id='word_1_259' title='bbox 808 2819 1268 2877; x_wconf 86' lang='lat' dir='ltr'>Inlictuinnexaeque</span> <span class='ocrx_word' id='word_1_260' title='bbox 1299 2825 1332 2863; x_wconf 93' lang='lat' dir='ltr'>P</span> <span class='ocrx_word' id='word_1_261' title='bbox 1362 2823 1378 2877; x_wconf 82' lang='grc' dir='ltr'>ΙΙ</span> <span class='ocrx_word' id='word_1_262' title='bbox 1410 2826 1493 2866; x_wconf 89' lang='grc'>531</span> <span class='ocrx_word' id='word_1_263' title='bbox 1525 2822 1716 2877; x_wconf 88' lang='lat' dir='ltr'>pectora</span> <span class='ocrx_word' id='word_1_264' title='bbox 1746 2819 1871 2865; x_wconf 81' lang='lat' dir='ltr'>codd.</span> 
     </span>
     <span class='ocr_line' id='line_1_41' title="bbox 193 2879 1871 2938; baseline 0.001 -16"><span class='ocrx_word' id='word_1_265' title='bbox 193 2879 291 2923; x_wconf 78' lang='lat' dir='ltr'>edd.</span> <span class='ocrx_word' id='word_1_266' title='bbox 331 2880 519 2936; x_wconf 88' lang='lat' dir='ltr'>tergora</span> <span class='ocrx_word' id='word_1_267' title='bbox 551 2894 662 2925; x_wconf 72' lang='lat' dir='ltr'>corr.</span> <span class='ocrx_word' id='word_1_268' title='bbox 696 2880 920 2924; x_wconf 72' lang='lat' dir='ltr'>Heinsius</span> <span class='ocrx_word' id='word_1_269' title='bbox 949 2881 964 2937; x_wconf 87' lang='grc' dir='ltr'>ΙΙ</span> <span class='ocrx_word' id='word_1_270' title='bbox 995 2885 1080 2925; x_wconf 81' lang='grc'>532</span> <span class='ocrx_word' id='word_1_271' title='bbox 1121 2882 1338 2938; x_wconf 91' lang='lat' dir='ltr'>premunt</span> <span class='ocrx_word' id='word_1_272' title='bbox 1368 2885 1400 2923; x_wconf 91' lang='lat' dir='ltr'>P</span> <span class='ocrx_word' id='word_1_273' title='bbox 1442 2880 1619 2924; x_wconf 90' lang='lat' dir='ltr'>micant</span> <span class='ocrx_word' id='word_1_274' title='bbox 1649 2879 1871 2925; x_wconf 72' lang='lat' dir='ltr'>Heinsius</span> 
     </span>
    </p>
   </div>
  </div>
 </body>
</html>
