1976 3126
225 198 339 252 250
807 198 857 242 Ρ.
890 196 1120 241 ΡΑΡΙΝΠ
1146 196 1343 247 sTATH

225 319 366 373 Ecce
404 319 538 372 furit
576 319 850 387 iactatque
888 322 983 371 tuo
1025 337 1082 371 se
1120 319 1178 371 in
1216 318 1432 389 gurgite
1473 318 1646 372 maior

227 394 634 464 Hippomedon,
673 393 828 445 illum
867 393 1121 461 ripaeque
1158 393 1439 462 undaeque
1476 395 1827 463 tremescunt,

225 468 381 521 Illius
420 467 659 537 impulsu
698 470 948 519 nostrum
986 466 1125 519 bibit
1161 467 1306 519 unda
1344 484 1611 519 cruorem:
1826 481 1929 522 395Ἰ

224 542 308 594 Tu
347 542 501 611 piger
541 543 594 594 et
631 541 874 594 trucibus
912 540 1090 594 facilis
1131 543 1331 594 servire
1368 539 1631 609 Pelasgis,

226 616 313 668 Ad
352 616 557 668 cineres
598 615 792 667 saltem
833 633 1187 684 supremaque
1226 615 1372 667 iusta
1409 617 1648 683 tuorum,

225 688 418 757 Saeve,
456 689 601 754 veni,
639 706 749 741 non
785 688 874 742 hic
914 689 1089 742 solum
1128 706 1414 742 accensure
1451 685 1742 756 nepotem.'

222 763 326 816 His
367 764 557 816 miscet
594 763 847 832 planctus
888 763 1224 833 multumque
1262 762 1488 832 indigna
1527 764 1775 815 cruentat

224 837 473 905 Pectora,
512 837 787 890 caeruleae
826 836 1066 889 referunt
1104 838 1343 890 lamenta
1382 853 1617 889 sorores:
1827 848 1911 889 400

223 910 474 974 Qualiter
511 910 806 965 Isthmiaco
845 911 1083 964 nondum
1121 910 1356 964 Nereida
1392 915 1555 979 portu

221 984 572 1038 Leucothean
609 985 883 1053 planxisse
920 984 1126 1054 ferunt,
1167 985 1294 1038 dum
1332 987 1549 1054 pectore
1589 982 1784 1036 anhelo

223 1057 474 1128 Frigidus
513 1059 571 1111 in
611 1063 841 1112 matrem
883 1077 1100 1112 saevum
1139 1077 1287 1112 mare
1325 1058 1534 1126 respuit
1571 1056 1764 1111 infans

299 1133 377 1186 At
414 1137 570 1201 pater
611 1151 807 1187 arcano
846 1133 1085 1186 residens
1124 1131 1365 1186 Ismenos
1404 1133 1463 1184 in
1502 1133 1658 1184 antro
1669 1172 1683 1200 ,

219 1205 381 1260 Unde
413 1226 575 1260 aurae
607 1208 882 1276 nubesque
916 1207 1112 1259 bibunt
1144 1211 1305 1277 atque
1337 1205 1584 1259 imbrifer
1615 1223 1771 1257 arcus
1827 1217 1911 1258 406

222 1280 475 1334 Pascitur
515 1285 569 1333 et
607 1280 800 1350 Tyrios
841 1281 1035 1334 melior
1073 1282 1222 1334 venit
1260 1299 1432 1333 annus
1473 1279 1530 1331 in
1570 1295 1754 1349 agros,

223 1354 299 1408 Ut
336 1355 579 1407 lamenta
617 1356 807 1424 procul
848 1353 1202 1427 (quamquam
1242 1356 1436 1423 strepit
1466 1351 1607 1423 ipse)
1639 1370 1939 1422 novosque:

221 1428 450 1498 Accepit
488 1432 647 1481 natae
688 1430 949 1499 gemitus,
990 1430 1136 1482 levat
1175 1447 1369 1499 aspera
1407 1445 1593 1481 musco

219 1501 382 1556 Colla
421 1520 749 1573 gravemque
790 1504 913 1573 gelu
953 1503 1176 1572 crinem,
1216 1502 1511 1572 ceciditque
1553 1500 1733 1553 soluta

222 1576 387 1629 Pinus
428 1576 618 1630 adulta
654 1595 820 1630 manu
859 1577 1186 1646 dimissaque
1225 1577 1466 1631 volvitur
1504 1592 1653 1628 urna.
1827 1587 1910 1627 410
1975 1576 1976 1637 ᾗ

222 1648 386 1702 Illum
425 1669 522 1718 per
561 1651 708 1720 ripas
749 1669 955 1704 annoso
996 1669 1223 1719 scrupea
1259 1651 1390 1703 limo

218 1723 332 1776 Ora
372 1727 705 1777 exertantem
745 1725 914 1777 silvae
954 1724 1209 1794 fluviique
1248 1725 1482 1777 minores
1974 1733 1976 1792 1

221 1796 516 1850 Mirantur:
556 1801 743 1851 tantus
781 1798 991 1851 tumido
1031 1799 1095 1852 de
1134 1799 1351 1868 gurgite
1393 1797 1594 1867 surgit,
1932 1837 1969 1862 „2

220 1870 551 1941 Spumosum
591 1872 846 1926 attollens
887 1872 1095 1957 apicem
1134 1873 1396 1942 lapsuque
1438 1888 1633 1925 sonoro
1926 1867 1969 1938 1¹21*

221 1945 451 1999 Pectora
490 1946 767 1999 caeruleae
805 1947 937 2000 rivis
977 1947 1258 2000 manantia
1296 1946 1511 1999 barbae.
1823 1941 1967 2047 41671,

218 2018 396 2072 Obvia
435 2023 696 2090 cognatos
737 2021 973 2090 gemitus
1014 2039 1303 2091 casumque
1342 2020 1556 2089 nepotis
1924 2051 1967 2097 5}

218 2092 602 2162 Nympharum
645 2095 802 2147 docet
839 2114 947 2148 una
981 2099 1194 2164 patrem
1225 2097 1600 2163 monstratque
1633 2096 1943 2167 cruentumgf

221 2168 518 2221 Auctorem
558 2169 907 2238 dextramque
945 2169 1164 2238 premit:
1205 2169 1360 2222 stetit
1398 2167 1597 2221 arduus
1637 2168 1748 2220 alto

219 2241 420 2310 Amne,
459 2260 731 2311 manuque
771 2260 938 2312 genas
979 2245 1034 2296 et
1071 2261 1210 2296 nexa
1248 2242 1547 2296 virentibus
1587 2242 1726 2294 ulvis

222 2312 440 2368 Cornua
479 2316 790 2369 concutiens
831 2319 909 2369 sic
946 2317 1197 2370 turbidus
1237 2334 1330 2370 ore
1368 2316 1634 2385 profundo
1822 2325 1905 2366 420

220 2387 441 2456 Incipit:
483 2388 735 2442 ‘Huncne
775 2390 931 2457 mihi,
974 2409 1228 2459 superum
1266 2394 1548 2474 regnator,
1586 2390 1870 2456 honorem,

218 2461 377 2524 Quod
414 2463 616 2515 totiens
656 2463 962 2532 hospesque
1001 2465 1110 2517 tuis
1151 2468 1206 2518 et
1244 2464 1488 2518 conscius
1530 2464 1665 2517 actis

220 2534 358 2603 (Nec
397 2554 699 2589 memorare
737 2537 930 2608 timor)
971 2537 1112 2591 falsa
1149 2556 1291 2590 nunc
1329 2537 1580 2606 improba
1617 2537 1795 2589 fronte

217 2607 455 2675 Cornua,
494 2628 636 2663 nunc
673 2611 898 2664 vetitam
937 2629 1123 2665 currus
1163 2612 1451 2681 deiungere
1489 2611 1769 2678 Phoeben,

337 2744 423 2784 398
463 2739 536 2783 his
578 2741 730 2783 solum
767 2740 994 2785 Heinsius
1030 2743 1045 2798 ΙΙ
1084 2746 1170 2786 399
1211 2742 1460 2785 cruentant
1497 2746 1530 2784 P
1568 2744 1583 2799 ΙΙ
1622 2746 1706 2786 401
1748 2736 1904 2783 nereia
1969 2749 1973 2788 ,ἱ

215 2800 443 2855 PG11407
477 2798 647 2855 strepit
676 2804 709 2842 P
742 2799 974 2856 obstrepit
1005 2803 1139 2845 ceteri
1162 2804 1176 2857 ΙΙ
1200 2805 1286 2845 409
1320 2799 1584 2856 occiditque
1617 2805 1648 2843 P
1672 2802 1687 2857 ss
1710 2804 1793 2843 411
1826 2810 1901 2840 an-
1968 2817 1976 2841 r

216 2870 336 2901 nosa
365 2863 398 2900 P
420 2859 437 2914 ΙΙ
458 2873 526 2905 vv.
559 2863 649 2902 413
689 2863 730 2902 et
759 2863 849 2904 414
880 2862 932 2903 in
955 2864 987 2901 P
1019 2862 1138 2903 inter
1168 2874 1214 2904 se
1243 2862 1515 2916 transpositi
1548 2862 1760 2916 Ieyuntur
1781 2859 1796 2914 ΙΙ
1818 2859 1902 2900 413

215 2916 405 2960 tantum
436 2922 468 2960 P
506 2920 522 2974 ΙΙ
560 2922 648 2962 420
685 2931 839 2963 versus
869 2920 988 2963 deest
1018 2920 1070 2962 in
1101 2924 1133 2961 Τ
1170 2919 1186 2974 ΙΙ
1225 2923 1312 2962 424
1352 2917 1606 2975 deiungere
1636 2923 1669 2960 P
1701 2918 1814 2973 (ead.
1844 2928 1902 2959 m.

1966 3101 1969 3126 Ι
