1988 3106
151 68 222 121 84
753 66 802 110 P.
834 64 1065 109 PAPINII
1096 64 1295 110 STATn

151 187 250 242 Oui
287 191 383 240 tua
421 205 531 240 non
568 184 784 238 humilis
825 184 969 236 dedit
1005 184 1339 254 indulgentia
1377 203 1566 238 mores.
1836 200 1918 242 150

150 262 310 314 Hunc
350 260 609 329 siquidem
649 259 895 326 amplexu
934 275 1143 326 semper
1177 261 1462 311 reuocante
1500 259 1720 312 tenebas

151 334 391 387 Blandus
432 337 484 386 et
522 332 746 400 imperio
784 349 1078 400 numquam
1114 334 1289 400 pater3
1325 331 1483 385 huius
1522 332 1715 385 honori

152 409 380 461 Pronior
417 407 533 476 ipse
573 406 735 458 etiam
774 405 1042 473 gaudebat
1079 405 1263 458 cedere
1299 405 1480 459 frater.

154 481 296 544 Quas
335 481 435 533 tibi
473 479 652 531 deuoti
690 479 908 531 iuuenes
946 496 1044 546 pro
1083 481 1233 546 patre
1271 483 1474 547 renato,

155 554 370 608 Summe
402 555 610 621 ducum,
643 553 838 621 grateS,
870 554 964 604 aut
994 569 1128 620 quae
1157 552 1248 620 pia
1276 555 1407 605 uota
1436 551 1766 620 rependant?
1838 567 1921 606 155

155 629 236 680 Tu
276 627 392 696 (seu
430 626 585 678 tarda
626 626 731 677 situ
769 625 1033 693 rebusque
1070 624 1329 678 exhausta
1369 629 1612 679 senectus

154 702 374 754 Errauit
415 718 508 752 seu
545 698 746 751 blanda
785 698 873 750 diu
911 697 1151 750 Fortuna
1187 715 1491 768 regressum

154 772 370 844 Maluit)
410 773 701 825 attonitum
741 774 795 823 et
831 772 1045 824 uenturi
1081 771 1321 824 fulminis
1359 772 1496 825 ictus

155 848 481 900 Horrentem
519 846 725 898 tonitru
765 847 976 897 tantum
1013 845 1224 913 lenique
1262 846 1499 914 procella

156 921 453 975 Contentus
493 919 766 972 monuisse
806 935 1006 986 senem3
1046 936 1270 988 cumque
1307 919 1526 972 horrida
1565 938 1726 988 supra
1843 934 1924 973 160

155 994 410 1063 Aequora
449 1010 696 1045 curarum
736 992 909 1045 socius
949 993 1136 1059 procul
1172 991 1313 1044 Itala
1350 1011 1477 1045 rura

156 1068 462 1135 Linqueret,
499 1066 586 1118 hic
625 1066 812 1118 molles
853 1063 1112 1133 Campani
1149 1066 1321 1138 litoris
1361 1084 1483 1118 oras

155 1141 229 1194 Et
267 1139 587 1192 Diomedeas
627 1138 913 1192 concedere
950 1138 1128 1191 iussus
1166 1139 1223 1190 in
1263 1156 1410 1191 arces

157 1214 335 1283 Atque
373 1214 586 1281 hospes,
623 1229 733 1264 non
771 1212 906 1279 exul,
945 1214 1074 1264 erat.
1122 1229 1222 1264 nec
1258 1213 1412 1280 plura
1450 1215 1688 1266 moratus

156 1287 475 1340 Romuleum
514 1303 719 1338 reseras
758 1285 968 1352 iterum,
1009 1283 1335 1354 Germanice,
1373 1286 1537 1338 limen
1842 1299 1925 1340 165

157 1360 592 1428 Maerentemque
629 1358 781 1411 foues
820 1358 1208 1427 inclinatosque
1245 1362 1463 1426 penates

156 1434 353 1502 Erigis.
405 1433 539 1484 haut
575 1432 786 1499 mirum,
824 1431 1012 1484 ductor
1050 1431 1425 1501 placidissime,
1463 1432 1675 1501 quando

157 1506 307 1559 Haec
347 1508 429 1558 est
468 1523 602 1574 quae
640 1505 797 1556 uictis
836 1504 1112 1572 parcentia
1148 1504 1362 1558 foedera
1401 1503 1590 1574 Cattis,

160 1580 411 1649 Quaeque
455 1596 609 1630 suum
647 1576 809 1630 Dacis
849 1577 1017 1630 donat
1054 1578 1336 1630 clementia
1373 1582 1628 1647 montem,

159 1653 306 1715 Quae
338 1652 497 1705 modo
528 1650 899 1703 Marcomanos
931 1654 1057 1718 post
1085 1650 1305 1704 horrida
1326 1652 1468 1704 bella
1490 1669 1764 1722 uagosque
1843 1667 1926 1707 170

160 1725 505 1779 Sauromatas
544 1723 702 1777 Latio
739 1737 852 1777 non
890 1727 972 1776 est
1009 1723 1229 1794 dignata
1265 1725 1554 1794 triumpho,

158 1800 378 1868 Iamque
416 1799 473 1852 in
509 1798 614 1851 fine
653 1797 779 1866 dies,
818 1799 872 1849 et
907 1797 1239 1850 inexorabile
1276 1816 1502 1866 pensum

158 1872 365 1925 Deficit.
424 1872 512 1924 hic
551 1871 744 1923 maesti
781 1870 954 1938 pietas
992 1889 1077 1923 me
1115 1871 1294 1939 poscit
1329 1872 1559 1941 Etrusci,

160 1945 354 2007 Qualia
389 1963 487 1998 nec
527 1943 737 1997 Siculae
775 1944 1118 1997 modulantur
1156 1945 1394 1997 carmina
1429 1964 1590 2014 rupes

158 2019 211 2072 N
214 2037 272 2072 ec
309 2019 411 2071 fati
447 2019 557 2070 iam
595 2019 771 2070 certus
811 2018 929 2070 olor
967 2018 1218 2087 saeuique
1256 2019 1451 2072 marita
1844 2033 1929 2077 175

159 2092 372 2145 Tereos.
426 2091 531 2144 heu
569 2091 785 2160 quantis
824 2091 1118 2144 lassantem
1154 2091 1377 2145 brachia
1413 2093 1524 2145 uidi

158 2165 471 2218 Planctibus
511 2167 565 2216 et
602 2182 775 2232 prono
818 2163 997 2216 fusum
1036 2182 1194 2233 super
1231 2166 1413 2218 oscula
1450 2167 1626 2219 uultu!

159 2237 267 2290 Uix
305 2237 495 2290 famuli
534 2238 859 2305 comitesque
896 2239 1096 2306 tenent,
1134 2238 1224 2290 uix
1264 2239 1458 2292 arduus
1497 2240 1639 2308 ignis

161 2310 489 2364 Summouet‚
550 2310 683 2363 haut
722 2311 876 2362 aliter
914 2312 1118 2380 gemuit
1154 2324 1249 2379 per
1286 2313 1463 2379 patria
1501 2312 1734 2366 Theseus

280 2590 364 2630 155
396 2585 657 2642 rependunt
685 2589 723 2627 A
755 2590 783 2627 c
806 2586 822 2641 ΙΙ
847 2589 928 2629 157
962 2585 1148 2629 Errabit
1171 2589 1207 2627 A
1233 2590 1274 2640 c,
1299 2599 1414 2631 corr.
1437 2587 1569 2631 Dom.
1594 2589 1610 2644 ΙΙ
1637 2593 1719 2634 159
1743 2547 1935 2646 lenique.

160 2649 219 2688 A:
252 2643 435 2701 leuique
469 2649 497 2685 c
531 2644 546 2699 ss
587 2647 671 2688 164
701 2657 787 2688 nec
816 2643 958 2701 longa
990 2647 1018 2688 ς
1042 2645 1058 2700 ΙΙ
1085 2648 1166 2688 168
1200 2644 1316 2688 catis
1346 2648 1405 2689 A·
1445 2646 1592 2702 captis
1624 2651 1652 2689 c
1675 2649 1690 2704 ss
1715 2652 1799 2692 174
1830 2661 1927 2693 moe

161 2704 379 2748 derantur
410 2708 438 2744 c
469 2718 520 2757 a,
552 2715 664 2746 corr.
698 2703 931 2747 Bentleius
953 2703 969 2759 ΙΙ
995 2708 1078 2748 179
1113 2716 1196 2759 per
1224 2703 1378 2759 patria
1407 2705 1593 2761 scripsi:
1622 2706 1825 2762 periuria
1849 2711 1877 2748 c
1900 2720 1929 2749 ι

160 2762 238 2819 pia
267 2762 430 2806 funera
460 2737 682 2806 Heinsius
