1976 3094
647 145 989 193 THEBAIDos
1019 146 1130 194 LIB.
1163 147 1263 195 VII.
1707 150 1814 205 183

25 291 30 302 ·
129 265 364 323 Turbine
399 269 716 338 praevectus
756 268 945 339 rapido
985 271 1068 322 ter
1106 268 1327 323 sustulit
1364 268 1602 339 hastam,

129 339 234 396 Ter
272 340 542 396 concussit
582 359 770 412 equos,
809 343 1039 413 clipeum
1077 345 1162 397 ter
1199 346 1416 413 pectore
1455 343 1682 415 plausit:

127 414 319 485 Arma,
357 433 508 470 arma
540 412 787 487 (insanil)
822 435 919 471 sua
959 418 1184 488 quisque
1215 419 1508 489 ignotaque
1539 418 1691 474 nullo
1728 433 1812 475 18⁶

127 486 277 544 More
314 489 482 559 rapit,
520 493 736 544 mutant
775 492 958 560 galeas
997 491 1282 562 alienaque
1322 495 1523 563 cogunt

126 561 211 616 Ad
245 562 378 635 iuga
414 563 751 634 cornipedes3
790 565 937 620 ferus
979 565 1125 619 omni
1162 567 1218 619 in
1256 571 1474 636 pectore
1514 566 1689 621 saevit

126 634 319 691 Mortis
359 655 512 692 amor
551 638 857 710 caedisque,
895 639 1035 693 nihil
1074 640 1434 710 flagrantibus
1475 641 1683 695 obstat:

125 709 491 781 Praecipitant
527 712 907 784 redimuntque
946 733 1140 770 moras.
1217 713 1305 769 Sic
1342 715 1509 769 litora
1547 718 1707 771 vento

125 782 422 855 Incipiente
461 785 721 857 fremunt,
758 787 970 860 fugitur
1008 807 1130 843 cum
1170 792 1383 859 portus3
1423 789 1621 859 ubique
1730 803 1813 844 140

125 855 267 915 Vela
303 858 503 931 fluunt,
542 861 654 915 laxi
692 862 964 917 iactantur
1001 863 1199 933 ubique
1237 863 1514 932 rudentes3

124 929 344 1003 Iamque
389 937 585 989 natant
622 936 778 1006 remi,
825 939 982 991 natat
1021 938 1197 992 omnis
1237 938 1295 990 in
1332 955 1563 1007 aequore
1602 955 1814 992 summo

125 1005 361 1074 Ancora,
398 1008 509 1063 iam
547 1008 718 1064 dulcis
757 1010 921 1063 medii
960 1011 1024 1064 de
1064 1012 1280 1082 gurgite
1318 1012 1475 1081 ponti

126 1079 432 1151 Respicitur
469 1083 631 1137 tellus
672 1085 1002 1155 comitesque
1042 1105 1074 1139 a
1112 1103 1293 1156 puppe
1331 1085 1521 1139 relicti.

199 1153 425 1210 Viderat
463 1156 712 1212 Inachias
749 1158 999 1229 rapidum
1038 1159 1340 1231 glomerare
1378 1158 1628 1214 cohortes
1730 1171 1814 1214 145

126 1224 371 1283 Bacchus
410 1230 539 1301 iter3
573 1232 786 1302 »gemuit
824 1231 1048 1303 Tyriam
1087 1251 1375 1288 conversus
1414 1233 1481 1287 ad
1520 1233 1733 1303 urbem,

124 1299 493 1374 Altricemque
532 1304 751 1359 domum
790 1309 847 1359 et
883 1307 1092 1377 patrios
1129 1307 1493 1362 reminiscitur
1530 1307 1710 1378 ignes,

124 1373 460 1447 Purpureum
500 1379 650 1433 tristi
688 1380 936 1434 turbatus
975 1385 1194 1452 pectore
1233 1382 1465 1436 vultum:

125 1447 253 1503 Non
291 1451 489 1522 crines,
526 1471 638 1508 non
678 1457 826 1508 serta
863 1455 1005 1525 loco,
1045 1455 1392 1525 dextramque
1431 1455 1652 1525 reliquit

127 1522 391 1595 ThyrsuS,
429 1529 484 1580 et
521 1526 759 1582 intactae
799 1529 1106 1583 ceciderunt
1144 1530 1395 1584 cornibus
1434 1547 1585 1583 uvae.
1728 1541 1813 1583 ιω

123 1595 274 1670 Ergo
314 1602 377 1654 ut
415 1603 532 1654 erat
567 1602 806 1656 lacrimis
846 1603 1105 1674 lapsoque
1144 1604 1439 1658 inhonorus
1480 1603 1681 1657 amictu

126 1669 274 1725 Ante
311 1672 493 1727 Iovem
535 1674 614 1744 (et
650 1678 779 1730 tunc
816 1675 958 1730 forte
998 1678 1184 1747 polum
1224 1681 1461 1732 secretus
1502 1677 1766 1747 habebat)

125 1742 414 1818 Constitit,
450 1747 586 1803 haut
622 1769 879 1821 umquam
918 1751 1056 1805 facie
1096 1755 1412 1822 conspectus
1451 1752 1507 1805 in
1546 1751 1645 1806 illa

126 1815 204 1889 (Ν
207 1836 266 1873 ec
305 1838 497 1876 causae
534 1822 742 1877 latuere
781 1823 1037 1897 patrem),
1078 1827 1411 1897 supplexque
1450 1826 1721 1895 profatur:

129 1891 475 1949 ‘Excindisne
511 1898 658 1967 tuas,
697 1898 880 1952 divum
921 1903 1070 1954 sator
1110 1900 1334 1970 optime,
1373 1899 1627 1954 Thebas?
1730 1913 1813 1954 155

125 1963 298 2021 Saeva
337 1967 470 2023 adeo
509 1970 782 2025 coniunx?
819 1990 919 2026 nec
955 1976 1010 2026 te
1049 1974 1261 2027 telluris
1301 1978 1515 2028 amatae

123 2038 459 2112 Deceptique
496 2043 628 2098 laris
666 2045 889 2099 miseret
926 2046 1271 2117 cinerumque
1308 2048 1589 2102 meorum?

123 2112 283 2183 Esto,
322 2115 454 2169 olim
491 2117 725 2172 invitum
762 2119 1028 2174 iaculatus
1067 2121 1301 2175 nubibus
1339 2122 1549 2192 ignem,

125 2186 430 2244 Credimus:
471 2208 538 2244 en
573 2192 771 2246 iterum
812 2196 931 2247 atra
969 2195 1139 2248 refers
1178 2195 1427 2249 incendia
1465 2195 1652 2264 terriS,

124 2259 241 2315 Nec
279 2260 446 2334 Styge
483 2265 683 2336 iurata,
720 2285 821 2321 nec
858 2269 1080 2337 paelicis
1120 2272 1235 2323 arte
1273 2273 1516 2340 rogatus.
1728 2282 1811 2324 leo

127 2333 258 2397 Quis
297 2337 524 2392 modus?
565 2359 634 2394 an
671 2342 831 2395 nobis
868 2345 1025 2412 pater
1061 2343 1339 2413 iratusque
1378 2344 1655 2413 bonusque

125 2407 354 2463 Fulmen
391 2411 599 2467 habes?
654 2413 759 2469 Sed
795 2433 906 2470 non
945 2416 1188 2471 Danaeia
1223 2418 1413 2472 limina
1449 2418 1578 2471 uilis

246 2531 344 2572 148.
381 2526 688 2586 ‘Purpureum
712 2558 768 2564 —
791 2531 993 2576 vultum'
1029 2532 1203 2578 schol.
1235 2533 1381 2579 Theb.
1413 2532 1501 2578 VH
1531 2538 1617 2579 222
1648 2549 1693 2592 p.
1726 2538 1812 2579 249

126 2582 178 2628 L.
213 2610 268 2619 —
303 2590 402 2631 151.
438 2586 684 2646 ‘lapsoque
717 2616 773 2625 —-
805 2591 999 2637 amictu’
1036 2592 1209 2638 schol.
1241 2593 1306 2638 ib.

244 2694 330 2735 135
363 2691 784 2748 Imterpunetionem
813 2708 927 2741 corr.
957 2695 1325 2742 Sandstroenzius
1346 2698 1363 2754 ΙΙ
1388 2701 1471 2741 152
1502 2696 1640 2754 polus
1662 2696 1812 2740 Baeh-

121 2748 341 2814 fmtiusfl
366 2753 450 2795 158
473 2751 537 2795 Es
562 2752 615 2795 tu
640 2751 753 2796 olim
773 2754 1083 2801 Baehrensius
1108 2757 1116 2812 Ι
1142 2755 1376 2801 iaculatus
1400 2760 1525 2799 PBG
1547 2756 1659 2800 Βοὴ.
1682 2755 1811 2800 Dan-

122 2806 378 2853 nculatum
409 2814 525 2854 οΤΗ
560 2810 714 2857 Paris.
745 2816 871 2858 8053
901 2813 1145 2874 iaculatus]
1172 2815 1229 2858 θ’
1258 2815 1517 2859 iaculatum
1552 2828 1576 2860 e
1606 2813 1811 2859 nubibus

126 2862 353 2914 Barthius
375 2869 390 2925 ΙΙ
417 2874 500 2914 159
533 2883 591 2914 en
621 2869 793 2916 iterata
822 2873 941 2918 idem
1807 2881 1815 2887 “
