2020 3106
629 108 972 157 THEBAIDOS
1004 110 1115 156 LIB.
1149 109 1205 156 11.
1693 109 1763 166 37

75 232 156 288 Tu
193 231 396 303 potior,
439 230 718 301 Thebane,
758 231 931 302 queri:
973 250 1071 286 nos
1114 249 1240 285 vero
1281 231 1523 286 volentes
1632 275 1649 300 ,

71 304 429 376 Expositique
471 304 703 359 animis?
781 305 886 360 Hic
925 306 1213 359 interfatus
1254 309 1308 359 et
1347 306 1486 360 alter

73 378 303 435 Subicit:
345 378 520 433 ‘Anne
561 380 757 451 aliquis
798 397 1010 434 soceros
1052 379 1301 435 accedere
1341 380 1478 434 tales

71 453 328 510 Abnuat‘?
369 454 612 507 exulibus
655 472 982 524 quamquam
1020 454 1302 524 patriaque
1343 454 1544 525 fugatis
1680 469 1762 510 100

31 581 34 586 .
73 527 327 583 Nondum
366 528 510 582 laeta
548 527 756 598 Venus,
797 532 978 582 tamen
1019 529 1192 581 omnis
1233 528 1390 582 corde
1430 528 1629 583 resedit

71 601 340 672 Tristitia,
379 602 644 672 adfixique
686 603 867 656 animo
908 621 1114 656 cessere
1155 602 1382 656 dolores.

69 674 184 733 Nec
221 676 400 730 minus
440 676 573 730 haec
614 677 742 730 laeti
783 677 1049 730 trahimus
1090 677 1313 745 solacia,
1354 695 1516 747 quam
1556 676 1602 730 si

70 748 361 820 Praecipiti
402 751 659 805 convulsa
697 754 828 805 noto
870 755 1180 821 prospectet
1219 751 1450 804 amicam

70 823 274 895 Puppis
314 823 554 878 humum.
630 824 788 879 Iuvat
827 825 1101 895 ingressos
1143 824 1324 879 felicia
1363 825 1519 895 regni
1677 838 1758 878 195

71 897 287 969 Omina,
326 898 469 969 quod
509 902 756 969 superest
797 899 896 952 fati
941 901 1187 969 vitaeque
1227 900 1471 953 laborum

70 970 308 1027 Fortuna
345 973 582 1027 transire
620 973 752 1028 tua?
830 974 948 1027 Nee
987 975 1144 1043 plura
1184 974 1382 1027 morati

72 1043 438 1118 Consurgunt,
479 1047 638 1102 dictis
677 1049 975 1119 impensius
1017 1052 1246 1118 aggerat
1286 1066 1443 1101 omne

69 1118 404 1175 Promissum
445 1121 700 1176 Inachius
741 1127 919 1193 pater,
962 1123 1264 1192 auxilioque
1305 1123 1546 1175 futurum

73 1193 147 1249 Et
185 1195 376 1265 patriis
419 1192 652 1266 spondet
689 1197 911 1250 reduces
952 1197 1203 1250 inducere
1244 1196 1441 1267 regnis.
1678 1209 1764 1250 200

144 1267 292 1340 Ergo
334 1270 538 1324 alacres
579 1270 740 1340 Argi,
778 1271 898 1324 fuso
939 1289 1156 1324 rumore
1197 1289 1292 1340 per
1331 1272 1519 1323 urbem

70 1341 368 1397 Advenisse
409 1343 531 1398 duci
571 1362 796 1415 generos
837 1345 1135 1415 primisque
1176 1345 1490 1415 hymenaeis

70 1415 363 1488 Egregiam
406 1417 617 1490 Argian
654 1437 753 1472 neo
792 1419 1000 1472 formae
1040 1418 1200 1473 laude
1241 1418 1528 1472 secundam

69 1489 342 1561 Deipylen
382 1493 592 1547 tumida
630 1494 737 1546 iam
780 1494 1097 1564 virginitate
1139 1493 1339 1563 iugari,

72 1563 282 1620 Gaudia
320 1570 503 1620 mente
543 1570 766 1637 parant3
808 1569 982 1622 socias
1023 1568 1067 1621 it
1102 1566 1272 1620 Fama
1310 1585 1407 1636 per
1445 1567 1630 1636 urbeS,
1679 1580 1764 1621 205

69 1638 448 1711 Finitimisque
491 1642 735 1712 agitatur
774 1643 921 1714 agris
962 1642 1149 1712 procul
1191 1660 1360 1712 usque
1399 1640 1640 1710 Lycaeos

70 1712 500 1785 Partheniosque
541 1735 701 1786 super
743 1717 913 1786 saltus
953 1716 1351 1787 Ephyraeaque
1392 1734 1533 1769 rura.

70 1785 184 1840 Nec
223 1787 402 1842 minus
443 1788 685 1861 Ogygias
729 1791 913 1844 eadem
956 1791 1056 1843 dea
1095 1791 1313 1843 turbida
1352 1789 1568 1843 Thebas

70 1859 254 1914 Insilit
298 1861 432 1916 haee
470 1864 604 1917 totis
643 1864 921 1934 perfundit
961 1866 1175 1918 moenia
1214 1865 1420 1935 pinnis:

72 1933 508 2006 Labdaciumque
548 1939 737 1991 ducem
776 1939 1105 2007 praemissae
1146 1957 1386 1992 consona
1424 1939 1573 1992 nocti
1673 1952 1761 1992 210

72 2008 332 2078 Territat3
373 2009 612 2080 hospitia
653 2015 707 2064 et
746 2012 1015 2066 thalamos
1051 2015 1106 2065 et
1143 2012 1360 2066 foedera
1401 2014 1556 2084 regni

70 2081 514 2154 Permixtumque
554 2103 725 2156 genus
774 2087 934 2155 (quae
973 2089 1129 2140 tanta
1167 2087 1388 2140 licentia
1427 2090 1695 2154 monstro,

74 2156 204 2220 Quis
244 2157 394 2211 furor
433 2159 595 2231 est‘P),
634 2160 744 2212 iam
783 2160 928 2212 bella
960 2161 1120 2214 canit.
1143 2192 1215 2198 —
1245 2159 1550 2213 Diffuderat
1581 2160 1764 2229 Argos

73 2229 377 2300 Expectata
417 2232 553 2287 dies:
593 2235 735 2287 laeto
769 2235 978 2304 regalia
1017 2238 1173 2288 coetu

73 2305 232 2359 Atria
272 2307 633 2377 complentur,
673 2308 875 2377 species
918 2312 1000 2362 est
1040 2327 1254 2362 cernere
1296 2328 1519 2362 avorum
1679 2322 1764 2363 215

75 2377 391 2433 Comminus
433 2385 486 2435 et
524 2382 663 2437 vivis
705 2383 969 2436 certantia
1009 2383 1247 2436 vultibus
1289 2402 1429 2437 aera.

193 2531 278 2572 203
296 2541 364 2583 sq.
395 2527 655 2584 ‘egregiam
674 2555 727 2561 -—
746 2528 1004 2586 Deipylen’
1032 2528 1311 2574 Priscian.
1340 2531 1380 2573 ΙΙ
1407 2534 1448 2583 8,
1474 2535 1530 2574 46
1559 2545 1603 2586 p.
1632 2534 1686 2574 72
1709 2530 1763 2574 H.

73 2658 258 2716 lacwna)
284 2660 593 2706 Baehrensius
614 2663 630 2718 ΙΙ
657 2666 739 2707 188
757 2662 835 2706 hic
852 2663 1180 2707 Lachmanmts
1204 2662 1271 2705 sic
1297 2664 1422 2708 codd.
1448 2664 1463 2719 ss
1487 2667 1573 2706 203
1598 2661 1766 2718 argian

71 2717 174 2768 19²
208 2719 355 2765 Prisc.
388 2735 444 2764 ro
477 2720 659 2778 argiam
688 2726 813 2777 ῙξΗΤ
835 2725 851 2778 ΙΙ
875 2726 959 2766 208
985 2722 1161 2766 vadens
1195 2721 1284 2766 dea
1306 2722 1616 2766 Baehrensius
1638 2723 1655 2778 ΙΙ
1677 2726 1763 2766 209

82 2774 198 2827 haec
221 2778 399 2823 PBG²8
433 2783 677 2837 (suprascr.
712 2782 777 2838 et)
811 2785 856 2824 Μ
888 2795 940 2826 ac
973 2786 1014 2825 Η
1047 2783 1095 2826 et
1126 2782 1255 2838 Lips.
1289 2783 1385 2826 edd.
1412 2782 1426 2837 ΙΙ
1451 2787 1537 2825 213
1570 2779 1700 2824 furor
1721 2783 1762 2838 ?)

76 2836 126 2883 et
154 2835 249 2881 iam
287 2837 615 2885 Lachmannus
