1988 3106
38 955 55 970 ·
143 945 308 1014 Nate,
346 946 478 998 Ioui.
538 949 696 1015 rogat
733 946 834 998 hoc
872 943 1058 996 Latiae
1096 946 1250 1012 pater
1286 943 1502 995 inclitus
1542 943 1714 1010 urbis,
1856 955 1913 996 95

52 1648 55 1649 γ
147 1604 333 1672 Uirus,
373 1604 652 1657 odoriferis
691 1603 934 1655 Arabum
974 1602 1116 1672 quod
1153 1602 1338 1654 doctus
1376 1602 1434 1653 in
1472 1603 1614 1655 aruis

142 167 212 220 28
751 168 800 211 P.
833 165 1062 210 PAPINH
1093 164 1291 209 STATH

141 287 438 356 Expectare
477 286 603 339 fuit!
666 286 864 356 gaudet
901 285 1240 337 Trasimenus
1280 286 1335 336 et
1372 282 1539 351 Alpes

146 359 557 429 Cannensesque
597 360 825 427 animae3
863 359 1173 427 primusque
1210 357 1419 426 insigne
1455 357 1717 410 tributum

141 434 263 502 Ipse
301 434 483 502 palam
520 434 697 485 lacera
733 433 991 485 noscebat
1027 431 1264 500 Regulus
1302 430 1507 482 umbra.

142 505 268 560 Non
307 511 465 560 uacat
502 506 732 559 Arctoas
771 506 911 558 acies
949 504 1300 573 Rhenumque
1339 503 1593 555 rebellem

145 578 505 648 Captiuaeque
543 597 726 648 preces
766 578 998 632 Ueledae
1037 580 1112 646 et,
1152 595 1286 645 quae
1325 577 1559 628 maxima
1596 594 1765 645 nuper
1854 591 1912 629 90

145 653 354 721 Gloria,
393 653 692 721 depositam
730 653 887 704 Dacis
925 651 1271 720 pereuntibus
1309 650 1497 702 urbem
1943 656 1945 662 ’

143 727 404 794 Pandere,
444 745 564 779 cum
602 726 743 778 tanti
779 726 921 778 lectu
958 725 1183 776 rectoris
1221 723 1483 791 habenas,

145 800 373 868 Gallice,
411 799 654 852 Fortuna
690 817 802 851 non
841 799 1138 850 admirante
1176 797 1385 849 subisti.

143 873 300 926 Hunc
339 873 525 942 igitur,
565 873 610 925 si
650 872 811 941 digna
847 873 1061 939 loquor,
1098 870 1371 939 rapiamus
1409 869 1618 938 iniquo,

142 1019 216 1072 Et
254 1019 470 1087 meruit,
510 1037 683 1087 neque
725 1019 867 1071 enim
905 1017 1106 1070 frustra
1143 1016 1277 1068 mihi
1315 1034 1487 1084 nuper
1523 1016 1731 1069 honora

146 1091 398 1145 Carmina
435 1093 660 1160 patricio
700 1092 852 1160 pueri
891 1089 1144 1144 sonuistis
1182 1090 1240 1142 in
1279 1092 1440 1142 ostro,

146 1165 201 1218 Si
241 1184 346 1234 qua
385 1165 663 1218 salutifero
703 1165 903 1234 gemini
941 1162 1190 1217 Chironis
1227 1162 1479 1214 in‘antro

143 1238 351 1307 Herba,
389 1239 541 1291 tholo
581 1238 948 1308 quodcumque
987 1237 1089 1288 tibi
1128 1235 1364 1288 Troiana
1401 1235 1643 1288 recondit

143 1313 438 1382 Pergamus
479 1313 572 1364 aut
609 1311 829 1364 medicis
867 1311 994 1362 felix
1031 1309 1334 1378 Epidaurus
1371 1309 1587 1361 harenis
1834 1323 1914 1364 100

144 1386 371 1454 Educat,
407 1385 568 1438 Idaea
605 1385 810 1453 profert
847 1402 1007 1452 quam
1045 1381 1205 1435 Creta
1244 1383 1342 1435 sub
1381 1383 1571 1434 umbra

145 1459 419 1511 Dictamni
456 1458 693 1510 florentis
734 1475 911 1526 opem,
951 1474 1161 1525 quoque
1200 1456 1389 1524 anguis
1429 1456 1666 1507 abundat

150 1531 434 1600 Spumatu:
475 1533 694 1600 iungam
731 1531 847 1598 ipse
885 1548 1074 1582 manus
1115 1531 1273 1597 atque
1312 1546 1468 1580 omne
1507 1529 1798 1598 benignum

146 1678 258 1730 Aut
294 1677 682 1747 Amphrysiaco
720 1680 907 1746 pastor
944 1675 1009 1728 de
1046 1675 1289 1745 gramine
1326 1674 1533 1743 carpsi?
1832 1689 1914 1729 105

149 1751 385 1803 Dixerat.
446 1751 730 1803 inueniunt
765 1751 971 1818 positos
1009 1749 1118 1801 iam
1157 1748 1392 1817 segniter
1430 1752 1577 1801 artus
1955 1757 1957 1762 “

147 1824 589 1894 Pugnantemque
629 1824 884 1892 animam,
922 1823 1029 1874 ritu
1069 1839 1125 1874 se
1163 1822 1333 1891 cingit
1368 1824 1591 1890 uterque

147 1897 380 1950 Paeonio
419 1899 824 1965 monstrantque
863 1896 1020 1948 simul
1057 1898 1351 1963 parentque
1389 1895 1630 1948 uolentes
1638 1936 1654 1965 ,

86 2029 93 2037 ‚
150 1970 335 2024 Donec
372 1970 609 2023 letiferas
649 1971 800 2023 uario
838 1964 1182 2022 medicamine
1219 1971 1398 2037 pestes

148 2042 224 2096 Et
262 2047 505 2111 suspecta
543 2044 672 2095 mali
709 2045 967 2111 ruperunt
1002 2041 1188 2094 nubila
1227 2042 1414 2094 somni.
1830 2056 1915 2096 110

150 2117 386 2169 Adiuuat
421 2117 536 2185 ipse
575 2117 702 2170 deos
739 2116 1030 2184 morboque
1067 2115 1332 2167 ualentior
1369 2115 1516 2168 omni

153 2189 396 2258 Occupat
434 2191 702 2242 auxilium.
765 2189 920 2242 citius
958 2206 1067 2240 non
1105 2191 1225 2240 arte
1256 2188 1488 2241 refectus

152 2263 417 2331 Telephus
455 2263 781 2329 Haemonia,
819 2280 915 2314 nec
954 2279 1088 2330 quae
1126 2261 1414 2314 metuentis
1451 2260 1674 2314 Atridae

154 2334 327 2388 Saeua
362 2335 683 2388 Machaonio
723 2336 963 2389 coierunt
1000 2335 1224 2386 uulnera
1261 2352 1402 2387 suco.

272 2513 327 2553 88
359 2509 581 2552 noscebat
610 2508 776 2563 scripsi
806 2508 834 2551 l.
868 2509 896 2552 l.
922 2521 973 2563 p.
1005 2510 1124 2552 254:
1161 2506 1386 2563 poscebat
1415 2511 1445 2548 c
1475 2521 1503 2549 a
1531 2506 1786 2562 plaudebat
1814 2509 1916 2552 Ior-

153 2570 279 2612 tinus
302 2568 317 2623 ΙΙ
340 2572 396 2611 90
427 2567 631 2611 Veledae
666 2568 713 2610 et
741 2566 899 2610 Dom:
929 2565 1105 2610 Veldae
1136 2566 1219 2619 A*,
1250 2569 1303 2608 ut
1331 2565 1427 2609 uid.
1459 2565 1618 2608 ueldet
1648 2567 1720 2609 uel
1750 2567 1917 2611 ueldae

155 2632 183 2668 c
206 2629 222 2683 ΙΙ
245 2631 299 2670 91
333 2639 486 2670 arcem
505 2626 678 2670 Markl.
703 2626 718 2681 ΙΙ
742 2630 796 2668 93
828 2625 975 2668 lectus
999 2629 1028 2666 c
1052 2639 1092 2679 a,
1126 2637 1238 2668 corr.
1270 2623 1547 2667 Bernartius
1569 2625 1584 2678 ΙΙ
1607 2628 1664 2667 94
1693 2624 1827 2668 Hunc
1857 2629 1914 2670 A:

155 2686 290 2728 Nunc
322 2689 350 2726 c
392 2687 398 2738 Ι
439 2684 669 2740 rapiemus
716 2688 745 2725 c
776 2698 816 2738 a,
865 2696 978 2726 corr.
1024 2686 1053 2726 ς
1099 2683 1115 2737 ΙΙ
1162 2687 1217 2726 99
1250 2695 1586 2737 quamcumque
1631 2683 1858 2726 Barthius
1902 2684 1917 2743 Η

159 2748 241 2787 103
269 2747 384 2799 puto
418 2742 660 2797 Spumatu,
698 2756 818 2785 nunc
850 2741 1135 2792 adcumules3
1177 2740 1344 2784 addam
1377 2754 1511 2784 omne
1546 2740 1553 2796 Ι
1586 2740 1783 2797 benigne
1817 2747 1844 2783 c
1875 2757 1915 2797 a,

157 2815 270 2846 corr.
303 2801 669 2856 Lindenbroyius
699 2802 715 2857 ss
756 2804 836 2843 105
870 2800 1042 2856 carpsit
1072 2804 1100 2840 G
1131 2814 1170 2852 a,
1203 2812 1314 2843 corr.
1347 2798 1477 2842 Dom.
1517 2799 1533 2854 ΙΙ
1573 2803 1654 2842 111
1686 2800 1915 2845 ualentius

155 2860 401 2913 Heinsius;
423 2864 539 2915 puto
571 2860 804 2914 herbaque
835 2857 1101 2914 ualentior„
1127 2862 1209 2900 112
1242 2858 1338 2901 arte
1370 2860 1428 2901 A:
1461 2860 1560 2900 aste
1593 2861 1621 2898 c
