1976 3094
635 158 755 203 THE
763 157 980 205 BAIDOS
1011 158 1122 207 LIB.
1155 158 1276 207 v111.
1406 156 1412 162 ’
1696 159 1805 215 209

118 278 566 351 Umbriferaeque
603 280 790 335 fremit
830 281 1067 335 sulcator
1105 281 1338 352 pallidus
1378 281 1575 349 undae,

120 355 435 413 Dissiluisse
472 372 616 410 novo
655 355 871 425 penitus
910 354 1122 409 telluris
1160 356 1316 409 hiatu

118 433 349 488 Tartara
387 431 442 484 et
480 428 747 484 admissos
785 448 894 484 non
932 447 1027 499 per
1066 447 1163 483 sua
1201 429 1426 484 flumina
1463 427 1667 483 Manes.
1751 442 1808 484 20

195 504 359 560 Forte
398 503 589 558 sedens
629 503 808 558 media
846 504 998 574 regni
1037 503 1271 558 infelicis
1310 504 1367 557 in
1406 522 1527 558 arce

119 580 245 636 Dux
282 576 450 632 Erebi
487 578 720 648 populos
759 579 1021 647 poscebat
1059 578 1285 632 crimina
1323 578 1489 647 vitae,

119 654 215 712 Nil
252 650 534 707 hominum
572 652 835 706 miserans
874 653 1153 723 iratusque
1193 652 1445 707 omnibus
1485 651 1705 707 umbris.

121 727 282 786 Stant
318 725 515 780 Furiae
555 726 757 780 circum
797 727 1082 798 variaeque
1122 746 1186 781 ex
1227 726 1412 781 ordine
1450 726 1681 795 Mortes,

123 801 401 871 Saevaque
441 800 767 855 multisonas
808 803 1017 855 exertat
1053 799 1235 855 Poena
1274 804 1514 869 catenas3
1754 813 1810 855 25

121 876 261 933 Fata
300 877 488 928 serunt
527 874 734 929 animas
775 877 829 928 et
867 875 1055 929 eodem
1093 876 1286 946 pollice
1326 875 1606 929 damnant:

121 949 308 1008 Vincit
334 966 499 1018 opus.
575 948 734 1003 quta
771 947 951 1004 Minos
992 967 1113 1003 cum
1151 950 1321 1004 fratre
1359 949 1591 1003 verendo

121 1024 249 1080 Iura
287 1023 461 1077 bonus
501 1023 728 1077 meliora
766 1025 950 1077 monet
988 1040 1276 1094 regemque
1314 1027 1597 1078 cruentum

123 1099 437 1169 Temperat3
479 1097 751 1151 adsistunt
787 1097 1026 1151 lacrimis
1067 1101 1228 1168 atque
1266 1098 1391 1168 igne
1430 1101 1701 1151 tumentes

121 1172 355 1242 Cocytos
395 1170 866 1242 Phlegethonque,
906 1175 961 1225 et
999 1169 1134 1241 Styx
1171 1172 1411 1242 periuria
1449 1171 1632 1226 divum
1758 1184 1814 1225 30

121 1245 340 1318 Arguit.
413 1244 514 1298 Ille
553 1249 735 1300 autem
774 1263 971 1316 supera
1009 1263 1268 1317 compage
1307 1246 1489 1300 soluta

124 1319 242 1376 Nec
283 1318 477 1374 solitus
518 1319 720 1374 sentire
758 1322 936 1374 metus
977 1320 1194 1390 expavit
1233 1320 1427 1375 oborta

127 1394 338 1463 Sidera,
377 1392 714 1464 iucundaque
754 1394 988 1448 offensus
1028 1394 1147 1449 luce
1186 1394 1459 1464 profatur:

93 1480 95 1482 ’
127 1468 296 1533 ‘Quae
337 1484 591 1538 superum
628 1468 780 1522 labes
821 1468 1099 1523 inimicum
1137 1469 1368 1540 impegit
1406 1469 1621 1522 Averno

125 1541 404 1598 Aethera?
443 1542 563 1612 quis
603 1543 754 1612 rupit
790 1543 1041 1596 tenebras
1082 1543 1332 1613 vitaeque
1372 1543 1597 1596 silentes
1761 1555 1818 1595 35

46 1634 49 1676 ζ
125 1614 436 1672 Admonet?
461 1615 600 1670 unde
625 1616 838 1671 minas?
863 1619 983 1670 uter
1005 1617 1139 1671 haec
1164 1618 1299 1671 mihi
1323 1618 1533 1687 proelia
1548 1615 1819 1671 fratrum?

47 1715 49 1718 ·
127 1689 486 1762 Congredior‚
523 1694 750 1760 pereant
791 1691 1021 1761 agedum
1061 1691 1372 1746 discrimina
1410 1710 1603 1745 rerum.

129 1764 276 1819 Nam
314 1763 402 1818 cui
439 1763 593 1818 dulce
633 1765 848 1835 magis?
888 1782 1086 1835 magno
1127 1784 1212 1819 me
1251 1766 1415 1820 tertia
1450 1766 1655 1819 victum

129 1837 341 1892 Deiecit
377 1836 620 1892 Fortuna
657 1840 812 1909 polo,
851 1841 1216 1911 mundumque
1254 1843 1539 1894 nocentem

49 1932 54 1943 ·
133 1911 323 1966 Servo:
360 1928 459 1965 nec
497 1911 602 1965 iste
639 1931 790 1966 meus
831 1914 1068 1983 dirisque
1107 1932 1174 1967 en
1212 1915 1428 1984 pervius
1470 1914 1633 1968 astris
1764 1927 1821 1967 40

53 2009 55 2024 2
135 1984 444 2056 Inspicitur.
520 1985 848 2040 Tumidusne
887 2005 1035 2041 meas
1073 1992 1334 2058 regnator
1373 1987 1593 2058 Olympi

131 2059 402 2130 Explorat
437 2058 617 2114 vires‘?
656 2059 832 2114 habeo
871 2061 983 2114 iam
1022 2079 1222 2130 quassa
1259 2061 1559 2132 Gigantum

133 2133 369 2187 Vincula
407 2134 463 2186 et
501 2133 800 2188 aetherium
841 2134 1063 2204 cupidos
1102 2135 1247 2188 exire
1287 2136 1387 2189 sub
1427 2154 1583 2189 axem

136 2207 366 2261 Titanas
404 2206 766 2277 miserumque
804 2211 1038 2277 patrem:
1078 2209 1207 2278 quid
1246 2228 1332 2262 me
1374 2210 1487 2263 otia
1524 2213 1737 2264 maesta

138 2280 341 2335 Saevus
380 2283 436 2333 et
471 2280 800 2351 inplacidam
841 2283 1096 2351 prohibet
1133 2283 1370 2353 perferre
1411 2284 1645 2353 quietem
1767 2296 1824 2337 45

252 2429 324 2471 26.
359 2424 499 2470 ‘Fata
529 2427 691 2471 serunt
722 2427 896 2483 (ferunt
919 2427 1091 2485 Lind.)
1116 2428 1316 2473 animas’
1353 2428 1526 2474 schol.
1550 2429 1694 2474 Theb.
1720 2429 1828 2474 VIII

136 2490 194 2531 92
225 2499 271 2542 p.
302 2488 389 2530 279
422 2485 475 2528 L.
508 2511 561 2520 -—
596 2491 654 2530 30
679 2499 745 2542 sq.
782 2487 850 2531 ‘et
883 2514 937 2519 —
971 2487 1147 2545 arguit’
1190 2488 1336 2533 Serv.
1380 2489 1442 2532 ad
1478 2489 1593 2534 Aen.
1627 2488 1693 2534 VI
1725 2493 1823 2534 565.

256 2635 310 2676 18
342 2601 506 2705 i{emit
541 2638 573 2676 P
618 2634 779 2679 tremit
833 2636 1125 2694 Peyraredus
1165 2639 1172 2692 Ι
1214 2637 1405 2681 umbrae
1436 2641 1469 2680 P
1506 2638 1523 2694 ΙΙ
1561 2642 1616 2681 25
1667 2636 1826 2681 multi-

137 2719 306 2751 sonans
338 2712 371 2751 P
399 2709 406 2764 Ι
434 2707 615 2751 exertat
643 2712 676 2750 P
716 2711 901 2754 exercet
940 2712 1074 2756 ceteri
1101 2714 1117 2768 ss
1149 2716 1204 2756 26
1238 2713 1398 2756 serunt
1429 2715 1466 2754 G
1486 2711 1599 2756 Beh.
1623 2715 1663 2753 B
1692 2712 1826 2756 schol.

137 2763 287 2811 Paria
321 2767 386 2812 ad
407 2781 448 2812 v.
474 2770 536 2813 92
564 2766 722 2811 ferunt
750 2769 981 2812 PBG2su
1009 2772 1025 2827 ΙΙ
1056 2775 1110 2814 32
1157 2769 1321 2815 solitos
1351 2774 1384 2813 P
1407 2771 1423 2826 ΙΙ
1446 2774 1503 2814 35
1534 2770 1711 2827 rumpit
1731 2771 1749 2828 ΙΙ
1772 2775 1828 2816 36

137 2822 372 2870 Admovet
402 2830 447 2868 11
473 2827 480 2882 Ι
506 2825 635 2870 mina
664 2831 719 2883 P,
751 2829 873 2874 unde
903 2829 1215 2875 Baehrensius
1243 2828 1396 2873 minas
1430 2843 1558 2885 cor-r„
1589 2834 1643 2875 ut
1672 2830 1831 2875 hiatus

137 2883 329 2930 tollatur
359 2884 514 2929 minae
547 2887 679 2931 ceteri
700 2862 719 2943 ss,
739 2890 796 2932 40
828 2901 950 2932 nunc
980 2888 1070 2933 iste
1102 2894 1134 2932 P
1166 2890 1224 2934 al
1258 2904 1314 2934 m.
1345 2893 1351 2944 ῑ
1378 2889 1427 2932 in
1456 2887 1645 2946 pervius
1677 2894 1710 2932 P

234 2963 358 2999 S'rA'rr
317 2975 375 3000 '1⁸11
405 2967 545 3001 'sunm
1416 2967 1470 3006 14
