2034 3054
112 142 214 196 156
711 141 764 185 P.
796 138 1027 184 PAPINII
1057 138 1256 184 STATII

107 261 356 314 Pectora:
395 260 598 313 reddite
623 277 796 328 opem,
835 276 1024 311 saeuas
1064 260 1119 310 et
1149 258 1339 311 soluite
1363 259 1548 328 gratis
1746 324 1750 329 ¹
1810 274 1880 313 45

107 335 374 389 Nimirum
414 351 535 387 cum
576 335 752 386 uestra
791 331 980 385 domus
1021 347 1120 401 ego
1158 331 1347 384 fimera
1383 335 1620 385 maestus

796 442 825 473 ἦε
974 405 1004 436 21:
1153 440 1184 474 =1e

108 480 466 549 Increpitans:
509 478 627 548 ‘qui
666 478 863 531 damna
901 477 1047 531 doles
1088 478 1284 546 aliena,
1321 495 1519 547 repone
1565 500 1575 508 ·

107 553 304 607 Infelix
341 553 592 606 lacrimas
631 554 685 604 et
720 551 902 604 tristia
933 551 1169 604 carmina
1206 550 1405 604 uersa.'

108 626 311 680 Uerum
350 627 431 694 id3
472 628 528 678 at
567 625 884 693 absumptae
922 625 1062 676 uires
1095 626 1149 676 et
1188 625 1341 693 copia
1370 624 1520 677 fandi

109 700 274 753 Nulla
311 699 460 767 mihi,
499 698 825 768 dignumque
863 697 1002 750 nihil
1039 715 1190 749 mens
1230 697 1451 750 fulmine
1489 701 1643 751 ‘tanto
1817 713 1883 752 50⁶

109 773 392 842 Repperit:
432 772 653 824 inferior
690 789 795 824 uox
834 771 1009 824 omnis
1049 773 1104 823 et
1142 771 1322 824 omnia
1362 772 1580 824 sordent

110 846 308 900 Uerba.
383 847 617 915 ignosce,
653 862 810 913 puer:
848 846 910 896 tu
947 862 1031 896 me
1071 844 1300 913 caligine
1337 844 1500 898 inerti

112 919 306 973 Obruis
347 920 400 971 a!
441 919 620 970 durus·
693 917 813 970 uiso
854 918 900 970 si
937 917 1159 969 uulnere
1198 935 1353 970 carae

113 991 367 1060 Coniugis
406 991 617 1044 inueniiz
648 993 862 1043 caneret
900 990 1041 1060 quod
1079 989 1339 1044 Thracius
1379 990 1623 1060 Orpheus

111 1065 279 1119 Dulce
320 1065 446 1133 sibi,
486 1065 531 1117 si
577 1065 739 1116 busta
775 1063 898 1115 Lini
936 1065 1242 1132 complexus
1280 1064 1477 1133 Apollo
1819 1078 1885 1118 55-

111 1138 239 1192 Non
269 1139 464 1191 tacuiis:
503 1138 700 1190 nimius
739 1136 970 1192 fortasse
1010 1137 1301 1206 auidusque
1339 1138 1536 1190 doloris

112 1212 275 1265 Dicor
314 1215 368 1264 et
403 1212 462 1264 in
498 1211 733 1263 lacrimis
773 1210 972 1263 iustum
1011 1210 1301 1264 excessisse
1339 1211 1608 1279 pudorem.

113 1285 373 1348 Quisnam
412 1287 589 1337 autem
631 1284 862 1354 gemitus
902 1283 1240 1353 lamentaque
1277 1287 1466 1337 nostra
1503 1285 1813 1353 reprendis?

114 1357 158 1411 O
197 1359 423 1411 nimium
461 1357 605 1426 felix,
643 1357 869 1410 nimium
909 1356 1135 1409 crudelis
1175 1359 1229 1409 et
1267 1374 1450 1426 expers

111 1430 344 1500 Imperii,
381 1430 644 1499 For1mna,
681 1431 778 1496 tui,
817 1431 909 1498 qui
948 1429 1120 1482 dicere
1157 1430 1334 1498 legem
1821 1446 1887 1485 60·

111 1503 354 1557 Fletibus
394 1506 488 1556 aut
524 1504 658 1555 fines
698 1503 858 1555 audeb
894 1520 1106 1555 censere
1145 1502 1380 1555 dolendi!

112 1576 312 1630 Incitat
347 1577 473 1629 heu!
515 1577 787 1644 planctus3
827 1576 1007 1643 potius
1046 1576 1311 1645 fugientia
1348 1576 1492 1644 ripas

112 1650 362 1703 Flumina
400 1649 648 1702 deuincas
687 1649 888 1717 rapidis
927 1651 1021 1701 aut
1050 1649 1265 1718 ignibus
1306 1650 1510 1718 obsteS,

115 1724 287 1786 Quam
325 1723 548 1775 miseros
586 1723 768 1791 lugere
806 1725 970 1774 uetes.
1043 1724 1227 1775 ’namen
1264 1722 1355 1775 ille
1394 1740 1624 1788 seueruS,

116 1796 367 1866 Quisquis
406 1797 451 1847 is
492 1798 588 1864 est,
626 1800 843 1847 nostrae
882 1798 1173 1864 cognoscat:
1208 1796 1432 1848 uulnera
1471 1814 1642 1849 curae.
1822 1811 1885 1850 65»

113 1869 242 1923 Non
281 1886 380 1939 ego
419 1870 686 1921 mercaiaus
726 1868 921 1920 Pharia
954 1868 1017 1920 de
1054 1868 1194 1936 pube
1232 1869 1482 1938 loquaces

112 1940 346 1996 Delicias
379 1942 698 2010 doctumque
739 1941 818 1993 sui
861 1941 1100 1994 conuicia
1138 1940 1251 1994 Nili

233 2235 289 2276 45
323 2245 485 2276 saeuas
516 2230 778 2287 ex(s)oluite
809 2230 954 2288 gratis
986 2235 1015 2273 0
1046 2246 1087 2286 a,
1122 2232 1300 2276 correxi
1331 2267 1341 2276 .
1374 2244 1627 2288 saeuasque
1657 2231 1886 2277 Heinsius

115 2290 130 2349 Η
153 2295 260 2346 post
289 2294 361 2346 46,
392 2303 520 2346 quem
550 2303 604 2334 ex
634 2294 672 2331 A
704 2294 732 2331 c
763 2290 882 2343 dedi,
914 2290 1127 2334 lacunam
1155 2290 1444 2346 siqnificaui;
1474 2291 1619 2334 taedet
1640 2291 1734 2335 iam
1756 2292 1878 2335 uiro-

114 2363 217 2394 rum
247 2349 322 2393 dd.
355 2349 408 2393 de
437 2362 516 2392 uu.
549 2353 723 2392 46-48
755 2349 1035 2392 coniecturas
1063 2348 1414 2392 uiolentissimus
1443 2349 1608 2403 referre
1630 2350 1646 2405 ΙΙ
1668 2353 1724 2393 47
1750 2349 1881 2393 doles

118 2407 404 2451 Politianus:
443 2406 604 2450 dolens
645 2410 673 2447 c
706 2421 733 2448 a
754 2407 769 2462 ΙΙ
793 2411 849 2450 48
882 2419 1016 2450 uersa
1045 2407 1158 2458 (scil.
1189 2405 1238 2449 in
1267 2407 1332 2461 te)
1363 2408 1548 2462 scripsi:
1583 2420 1718 2451 serua
1748 2412 1776 2449 c
1809 2423 1836 2450 a
1865 2409 1882 2461 l}

116 2471 172 2510 49
204 2465 254 2509 id
286 2466 336 2508 ab
363 2465 551 2520 scripsi.-
582 2467 683 2508 erat
713 2469 742 2506 c
773 2479 800 2506 a
823 2466 838 2520 ΙΙ
862 2469 916 2508 52
947 2464 1087 2508 inerti
1116 2465 1302 2520 scripsi.-
1335 2466 1602 2522 m(0)estum
1633 2469 1670 2507 A
1703 2470 1730 2507 c
1761 2479 1880 2510 mer-

118 2539 219 2568 sum
257 2523 480 2568 Heinsius
517 2524 533 2579 ΙΙ
572 2527 625 2567 53
659 2523 720 2567 ah
758 2523 897 2566 durus
939 2523 1226 2566 Politianus:
1266 2537 1294 2567 a
1330 2523 1444 2567 duro
1485 2528 1513 2565 c
1553 2538 1581 2566 a
1615 2525 1620 2579 Ι
1656 2524 1694 2568 si
1733 2523 1796 2566 A*
1828 2529 1878 2569 c:

118 2582 183 2627 sic
220 2582 353 2626 Dom.
393 2582 596 2638 idemque
632 2595 678 2625 u.
719 2583 778 2626 55
823 2582 838 2637 ΙΙ
883 2584 939 2624 56
977 2581 1082 2634 fort.
1122 2582 1229 2625 Non
1264 2581 1430 2637 iacuit,
1468 2583 1500 2626 i.
1532 2596 1590 2636 e.,
1626 2595 1721 2626 non
1750 2583 1880 2638 infra

117 2642 383 2697 diynitatem
413 2653 543 2684 suam
581 2640 741 2683 cecinit
792 2638 807 2697 Η
863 2643 917 2683 57
949 2638 1088 2683 Dicar
1121 2643 1149 2683 ς
1195 2641 1211 2696 ΙΙ
1257 2644 1312 2683 58
1344 2639 1557 2696 rependis
1588 2639 1651 2682 A*
1682 2645 1726 2694 c,
1764 2654 1878 2685 corr.

120 2699 382 2743 Politianus
405 2700 420 2755 ΙΙ
445 2703 498 2743 62
533 2698 669 2742 citius
693 2697 915 2741 Heinsius
938 2698 952 2753 ΙΙ
978 2703 1031 2741 63
1064 2697 1279 2742 deuincas
1310 2702 1367 2742 A:
1400 2698 1616 2742 deuinces
1642 2703 1669 2740 c
1699 2702 1703 2751 Ι
1730 2699 1879 2743 flumi-

116 2771 177 2801 na
207 2761 267 2800 A:
298 2757 496 2801 fulmina
528 2761 555 2798 c
579 2758 595 2814 ΙΙ
627 2761 682 2801 65
715 2769 851 2800 curae
884 2756 1082 2801 Markl.:
1122 2770 1286 2800 causae
1318 2761 1346 2798 c
1379 2771 1406 2798 a.
1441 2756 1456 2815 ΙΙ
1497 2762 1551 2801 66
1582 2758 1704 2813 pube
1735 2758 1879 2802 Hein—

115 2817 233 2860 sius:
263 2829 417 2872 puppe
450 2819 477 2856 c
511 2830 537 2857 a
559 2817 575 2872 ΙΙ
599 2820 653 2859 67
685 2814 887 2858 Delicias
919 2815 1176 2858 Auantius:
1207 2814 1430 2859 Aedituas
1462 2815 1582 2871 (Ed.)
1613 2819 1651 2857 A
1682 2819 1711 2857 c
