1976 3094
176 100 283 154 164
743 98 791 142 Ρ.
824 96 1053 144 PAPINII
1085 96 1283 143 STATII

172 222 538 276 Praeceleres:
580 219 720 289 agile
761 219 998 272 studium
1039 222 1095 272 et
1131 219 1451 273 tenuissima
1488 219 1660 273 virtus
1669 262 1683 289 ‚

173 296 329 350 Pacis
370 314 530 366 opUS,
570 312 690 347 cum
731 312 883 347 sacra
920 296 1142 363 vocant,
1180 312 1278 348 nec
1315 293 1507 347 inutile
1547 294 1706 347 bellis
1776 307 1861 349 530

176 369 510 437 Subsidium,
551 369 597 421 si
636 368 822 421 dextra
861 372 1038 437 neget.
1078 400 1084 405 -
1113 367 1270 421 Prior
1309 368 1557 421 omnibus
1599 367 1744 438 Idas,

174 443 362 514 Nuper
401 443 730 512 Olympiacis
769 442 1051 495 umbratus
1091 445 1340 512 tempora
1376 442 1544 495 ramis
1554 484 1567 511 ,

51 522 144 566 555
176 519 421 587 Prosilit3
463 517 738 586 excipiunt
775 516 970 584 plausu
1008 516 1202 570 Pisaea
1241 516 1491 569 iuventus

174 593 447 663 Eleaeque
486 610 693 644 manus,
772 589 1027 660 Sequitur
1067 589 1352 660 Sicyonius
1388 589 1589 660 Alcon,

169 668 245 720 'Et
282 667 367 720 bis
408 667 465 719 in
502 666 799 719 Isthmiaca
838 665 1013 719 victor
1053 665 1316 718 clamatus
1355 665 1559 718 harena
1778 678 1864 720 535

173 741 525 809 Phaedimus,
573 740 948 809 alipedumque
991 739 1177 810 fugam
1216 757 1565 810 praegressus
1607 758 1866 811 equorum

173 816 317 869 Ante
356 814 590 884 DymaS,
631 814 722 867 sed
760 817 890 867 tunc
929 832 1060 868 aevo
1100 814 1351 868 tardante
1392 818 1619 868 secutus·

53 894 145 937 560
176 889 351 943 Multi.
380 894 456 959 et,
496 907 631 958 quos
671 889 808 942 varii
846 891 993 942 tacet
1030 889 1344 960 ignorantia
1382 889 1557 960 vulgi,

175 963 324 1018 Hinc
358 967 520 1033 atque
554 963 680 1016 hinc
718 963 942 1017 subiere.
1011 961 1115 1017 Sed
1149 963 1362 1017 Arcada
1396 963 1868 1035 Parthenopaeum
1926 991 1934 1011 ε

178 1038 477 1108 Appellant
516 1037 775 1107 densique
815 1037 957 1091 cient
994 1055 1136 1108 vaga
1175 1056 1450 1091 murmura
1489 1038 1631 1092 circi.
1780 1051 1866 1093 540

176 1112 326 1167 Nota
362 1130 558 1182 parens
599 1130 785 1181 cursu3
825 1112 945 1181 quis
985 1111 1287 1166 Maenaliae
1326 1111 1612 1166 Atalantes

176 1186 401 1241 Nesciat
439 1187 718 1256 egregium
759 1186 918 1240 decus
959 1189 1013 1239 et
1051 1186 1284 1256 vestigia
1322 1186 1526 1240 cunctis

57 1265 149 1309 565
178 1260 511 1331 Indeprensa
549 1260 767 1329 procis?
829 1259 1031 1314 Onerat
1069 1261 1420 1314 celeberrima
1456 1263 1648 1314 natum

177 1334 376 1405 Mater,
418 1338 471 1389 et
509 1335 627 1405 ipse
666 1336 855 1403 procul
893 1335 1042 1388 fama
1079 1335 1191 1388 iam
1230 1337 1390 1389 notus
1430 1335 1661 1389 inermes
1942 1392 1943 1398 ,

175 1408 447 1464 Narratur
485 1427 669 1463 cervas
708 1409 872 1479 pedes
911 1410 1054 1462 inter
1093 1412 1282 1479 aperta
1320 1409 1521 1478 Lycaei
1784 1423 1867 1463 545

180 1483 397 1538 Tollere
437 1487 491 1536 et
532 1484 790 1536 emissum
828 1501 987 1536 cursu
1027 1483 1353 1553 deprendere
1393 1484 1579 1538 telum.

181 1557 423 1611 Tandem
464 1560 778 1627 expectatus
818 1558 1024 1611 volucri
1067 1576 1227 1627 super
1266 1558 1485 1628 agmina
1523 1558 1670 1610 saltu

52 1636 144 1680 570
174 1631 392 1685 Emicat
431 1634 486 1684 et
523 1634 671 1685 torto
711 1631 1055 1699 chlamydem
1095 1631 1366 1685 diffibulat
1405 1649 1555 1685 auro·

176 1706 442 1759 Effulsere
475 1708 649 1774 artus,
687 1705 1159 1775 membrorumque
1199 1706 1374 1759 omnis
1415 1710 1604 1774 aperta
1643 1709 1726 1758 est

175 1779 433 1849 Laetitia,
471 1779 713 1850 insignes
752 1780 949 1849 umeri,
986 1797 1086 1833 nec
1123 1783 1344 1850 pectora
1382 1779 1541 1832 nudis
1782 1793 1870 1834 550
1956 1767 1961 1846 J

178 1853 461 1907 Deteriora
501 1854 676 1925 geniS‚
714 1854 998 1922 patuitque
1036 1854 1096 1906 in
1135 1871 1359 1923 corpore
1396 1853 1589 1907 virtus,

172 1927 297 1999 Ipse
335 1932 519 1981 tamen
558 1928 767 1981 formae
807 1927 1021 1981 laudem
1062 1930 1386 1997 aspernatur
1425 1931 1479 1980 et
1520 1931 1665 1981 arcet

58 2009 150 2052 575
179 2002 465 2066 Mirantes3
503 2005 634 2054 tunc
673 2001 949 2055 Palladios
989 2020 1099 2055 non
1137 2003 1339 2056 inscius
1378 2002 1604 2056 haustus

178 2077 434 2131 Incubuit
470 2076 767 2147 pinguique
807 2080 986 2130 cutem
1024 2076 1267 2129 fuscatur
1306 2076 1466 2130 oliv0.

179 2152 300 2205 Hoc
336 2151 484 2221 Idas,
522 2151 626 2204 hoc
665 2168 785 2204 rore
824 2150 1032 2219 Dymas
1073 2151 1270 2219 aliique
1309 2151 1594 2204 nitescunt.
1784 2163 1868 2204 555

295 2288 394 2328 546.
432 2283 501 2326 ‘et
530 2309 588 2314 —
619 2281 786 2325 telum’
823 2281 969 2325 Serv.
1005 2281 1066 2325 ad
1097 2280 1211 2327 Aen.
1245 2282 1310 2325 IX
1344 2286 1442 2326 559.

297 2419 540 2462 541—546
580 2416 880 2460 excludendos
905 2419 1044 2471 putat
1076 2415 1340 2470 MuelleruS,
1371 2416 1491 2471 quod
1521 2429 1636 2471 qaae
1665 2415 1747 2459 hoc
1778 2416 1872 2460 loeo

178 2478 232 2522 de
282 2475 512 2521 Atalanta
559 2475 807 2519 Maenalia
859 2478 1129 2529 narrentur,
1183 2488 1236 2519 ea
1287 2475 1442 2531 potius
1492 2475 1758 2530 pertineant
1810 2475 1872 2520 ad

179 2535 517 2589 Schoeneidem;
549 2535 626 2579 sed
657 2534 914 2591 saepissime
944 2548 974 2577 a
1004 2508 1227 2579 veter'ibus
1255 2535 1374 2579 duae
1398 2534 1647 2578 Atalantae
1677 2534 1796 2578 inter
1827 2547 1871 2579 se

177 2596 528 2650 confunduntur
557 2595 573 2651 ΙΙ
606 2597 691 2638 546
731 2592 1061 2649 comprendere
1105 2593 1226 2638 Serv.
1265 2594 1281 2650 ΙΙ
1320 2597 1406 2637 550
1451 2591 1660 2649 insignes
1707 2597 1872 2636 Pnsu

177 2653 481 2712 insignesque
518 2669 562 2696 m
601 2653 698 2698 edd
748 2653 796 2696 et
840 2650 1048 2708 insignes
1079 2652 1190 2697 Beh.
1224 2655 1257 2698 2
1287 2654 1303 2710 ΙΙ
1334 2656 1418 2696 551
1456 2652 1703 2718 patuitque
1735 2653 1784 2710 (p
1817 2665 1872 2698 eoe

179 2713 197 2756 l
240 2716 373 2771 corr.)
420 2717 447 2756 b
499 2713 788 2771 Peyrafredas
835 2709 1045 2766 aluitque
1099 2711 1149 2755 in
1195 2724 1388 2767 corpore
1436 2709 1585 2755 virtus
1632 2716 1664 2753 P
1695 2725 1770 2768 pr.
1811 2725 1868 2756 m.

180 2772 450 2829 latuitque
436 2787 487 2816 m
511 2785 703 2829 corpore
727 2770 884 2815 vultus
908 2775 941 2813 Ρ
964 2784 1047 2816 see
1072 2786 1127 2817 m.
1153 2775 1242 2814 Bu
1264 2771 1397 2816 schol.
1421 2771 1437 2828 ΙΙ
1458 2784 1612 2816 versus
1629 2774 1870 2816 553—684

180 2833 343 2877 desumt
374 2834 426 2876 in
455 2836 495 2874 R
517 2834 532 2888 ΙΙ
556 2835 648 2887 555
674 2843 777 2875 rore
808 2831 1116 2875 Baehrensias
1145 2844 1274 2875 more
1306 2831 1430 2876 codd.
1465 2830 1561 2876 edd.
