2020 3106
649 113 1059 160 ACHILLEIDOS
1089 114 1140 159 L.
1174 115 1206 159 Ι.
1712 110 1779 163 13

159 236 352 292 Altera
390 236 618 291 consilio
659 238 907 305 superest
944 234 1263 305 tristemque
1302 234 1506 304 fatigat

88 310 232 367 Cura
271 310 455 381 deam,
491 313 682 364 natum
721 310 843 378 ipsa
882 309 1002 363 sinu
1042 309 1323 378 complexa
1361 326 1459 378 per
1497 306 1666 359 undas

90 385 177 439 An
213 402 413 456 magno
453 383 677 438 Tritone
714 383 871 453 ferat,
910 386 1170 437 ventosne
1211 383 1457 436 volucres

87 457 330 514 Advocet
369 477 437 512 an
476 459 672 528 pelago
713 457 935 511 solitam
974 457 1375 510 Thaumantida
1413 456 1577 526 pasci.
1693 468 1780 508 220

87 532 256 587 Elicit
294 532 418 586 inde
456 531 612 585 fretis
653 534 707 585 et
745 532 948 584 murice
986 531 1167 584 frenat
1205 534 1364 585 acuto

88 605 391 676 Delphinas
430 606 664 676 biingoe,
703 624 839 675 quos
879 605 959 658 illi
999 605 1237 658 maxima
1270 605 1473 673 Tethys

89 679 316 752 Gurgite
355 679 617 735 Atlanteo
657 680 837 750 pelagi
876 679 976 732 sub
1015 680 1157 732 valle
1197 697 1397 733 sonora

89 754 392 810 Nutrierat:
430 754 595 808 nullis
635 753 775 807 vada
811 771 909 823 per
946 752 1222 823 Neptunia
1261 753 1486 821 glaucae

87 828 292 883 Tantus
330 829 506 882 honos
545 827 754 881 formae
790 827 1063 897 nandique
1095 827 1344 896 potentia
1373 844 1471 879 nec
1502 826 1624 894 plus
1697 837 1782 877 225

87 902 330 957 Pectoris
369 902 619 974 humani3
658 901 810 955 iubet
847 901 948 955 hos
989 901 1284 954 subsistere
1324 901 1485 970 pleno

87 975 288 1046 Litore,
325 994 393 1030 ne
431 976 606 1030 nudae
643 979 873 1029 noceant
912 976 1165 1046 contagia
1201 979 1394 1027 terrae,

88 1050 215 1121 Ipsa
253 1050 599 1104 dehinc-toto
638 1050 937 1103 resolutum
976 1053 1194 1119 pectore
1234 1048 1505 1101 Achillem

90 1121 218 1196 (Qui
257 1125 438 1194 pueris
479 1120 663 1195 sopor)
703 1123 996 1177 Haemonii
1034 1123 1098 1177 de
1137 1123 1361 1192 rupibus
1403 1121 1548 1174 antri

52 1198 174 1252 ·Ad
208 1198 453 1268 placidas
494 1197 747 1267 deportat
787 1216 955 1267 aquas
995 1200 1051 1250 et
1087 1197 1235 1250 iussa
1273 1199 1451 1249 tacere
1696 1207 1783 1248 230

86 1271 299 1326 Litora:
339 1274 608 1325 monstrat
643 1272 748 1325 iter
785 1274 1009 1340 totoque
1049 1271 1342 1340 effulgurat
1380 1270 1509 1323 orbe

0 1350 1 1354 ’
89 1344 337 1416 Cynthia.
411 1345 769 1415 Prosequitur
806 1345 989 1398 divam
1029 1345 1331 1414 celeresque
1369 1361 1619 1397 recursus

91 1417 319 1474 Securus
358 1419 539 1490 pelagi
577 1418 778 1473 Chiron
816 1421 978 1490 rogat
1023 1419 1233 1488 udaque
1273 1418 1413 1471 celat

89 1493 320 1547 Lumina
358 1496 414 1547 et
450 1493 706 1563 abreptos
747 1493 926 1546 subito
965 1493 1076 1545 iam
1113 1493 1330 1563 iamque
1371 1492 1605 1544 latentes

89 1566 287 1622 Erecto
327 1570 641 1637 prospectat
680 1585 834 1637 equo,
874 1585 980 1636 qua
1019 1585 1153 1619 cana
1190 1584 1482 1635 parumper
1698 1577 1784 1618 235

92 1639 359 1710 Spumant
395 1641 555 1711 signa
590 1641 753 1711 fugae
793 1643 849 1693 et
885 1640 1088 1710 liquido
1130 1640 1274 1709 perit
1312 1640 1494 1692 orbita
1531 1642 1717 1708 ponto.

91 1713 256 1769 Illum
293 1733 404 1769 non
443 1714 579 1768 alias
619 1714 918 1768 rediturum
958 1714 1025 1767 ad
1065 1713 1328 1767 Thessala
1366 1713 1569 1781 Tempe

89 1787 207 1842 Iam
244 1788 420 1843 tristis
459 1788 687 1858 Pholoe,
725 1789 835 1842 iam
874 1789 1092 1841 nubilus
1132 1788 1363 1859 ingemit
1400 1787 1605 1855 Othrys

97 1860 170 1915 Et
208 1862 389 1916 senior
427 1860 723 1931 Spercheos
765 1863 917 1932 aquis
958 1862 1325 1931 speluncaque
1363 1861 1509 1914 docti

93 1932 247 1990 Muta
283 1935 449 2005 senis3
488 1939 754 2005 quaerunt
791 1937 1024 2005 puerilia
1061 1937 1300 1989 carmina
1337 1935 1511 1988 Fauni
1698 1947 1785 1987 240

94 2007 168 2062 Et
205 2012 424 2079 sperata
461 2010 552 2062 diu
590 2010 811 2078 plorant
848 2010 1079 2063 conubia
1116 2009 1423 2079 Nymphae.

63 2190 69 2196 ⁵
93 2198 241 2255 yemis
262 2199 370 2243 haec
387 2199 524 2243 verba
547 2198 743 2242 exhibet:
779 2197 1138 2256 ‘Componitque
1165 2198 1314 2254 nidos,
1340 2198 1505 2256 quibus
1530 2198 1659 2242 ansia
1682 2199 1789 2254 (sic)

95 2257 227 2302 natos
251 2255 453 2302 effovet.'
479 2258 495 2314 ΙΙ
518 2260 606 2301 218
646 2257 873 2314 conplexa
903 2262 935 2300 P
973 2259 990 2315 ΙΙ
1028 2262 1113 2302 219
1147 2259 1372 2302 ventosne
1403 2261 1496 2300 ΔΗ
1529 2259 1787 2314 ventosque

95 2315 193 2377 edd.
216 2317 233 2374 ΙΙ
255 2315 364 2361 Post
378 2330 420 2361 v.
436 2319 536 2361 220
566 2317 619 2360 in
641 2322 661 2359 t
691 2330 732 2360 v.
756 2319 852 2361 234
880 2318 1085 2374 sequitur
1114 2331 1194 2361 nec
1217 2321 1368 2361 tamen
1389 2330 1473 2361 suo
1497 2318 1592 2361 loco
1616 2317 1783 2361 omitti-

98 2368 199 2431 ΰυνς
235 2387 389 2420 versus
419 2377 514 2420 221
547 2376 664 2420 deest
685 2375 702 2432 u
725 2380 811 2419 222
848 2376 1031 2433 biiugos
1062 2380 1217 2430 Pptn
1249 2375 1432 2432 biiuges
1456 2376 1629 2419 Peme
1660 2377 1757 2421 edd.
1775 2378 1787 2432 Δῑ

98 2435 185 2485 224
227 2433 504 2492 Nutrigerat
541 2438 574 2477 P
618 2435 635 2491 ΙΙ
680 2439 765 2479 226
807 2434 1022 2492 Corporis
1064 2439 1107 2478 Η
1155 2438 1162 2492 Ι
1203 2435 1335 2479 iuuet
1365 2440 1399 2478 1²
1444 2436 1460 2491 ss
1514 2438 1599 2479 228
1631 2434 1789 2492 Ipsum

102 2487 318 2547 Menkius
343 2495 349 2550 Ι
378 2507 570 2550 corpore
611 2493 915 2549 Wakefieldus
953 2493 1171 2539 Achillen
1201 2499 1234 2537 P
1267 2496 1283 2551 ΙΙ
1319 2499 1403 2539 229
1439 2494 1551 2548 Quis
1581 2499 1627 2537 1
1651 2495 1749 2539 edd.
1780 2494 1786 2553 Ι

98 2552 197 2598 vett.
230 2552 240 2608 1
270 2551 406 2609 pueri
429 2551 604 2595 G²GDt
647 2553 665 2609 ΙΙ
710 2558 796 2598 230
827 2554 892 2598 At
920 2558 953 2597 P
988 2555 1007 2611 ss
1051 2559 1137 2598 231
1185 2553 1435 2610 effulgurat
1475 2558 1508 2596 P
1540 2553 1791 2609 effulgerat

101 2605 224 2653 0²20
274 2612 427 2668 (prim.
475 2625 624 2665 man„
671 2612 817 2656 altera
848 2628 869 2656 s
914 2617 1158 2670 super-scr.)
1204 2612 1443 2657 effulserat
1487 2617 1533 2655 Π
1593 2612 1791 2656 fulserat

104 2664 322 2734 Queckius
349 2671 481 2727 11233
513 2671 639 2715 rotat
669 2675 702 2713 P
739 2671 756 2727 ΙΙ
793 2676 878 2716 239
912 2671 974 2716 Et
1005 2672 1157 2717 senior
1188 2676 1221 2714 P
1263 2671 1324 2715 Et
1346 2670 1502 2715 tenuis
1534 2673 1681 2715 ceteri.
1717 2670 1789 2725 of.

100 2725 229 2795 mf‘eja
259 2727 330 2772 II
349 2732 544 2786 14334141.
568 2731 683 2783 (429
705 2735 818 2786 sqq.)
859 2731 996 2776 Theb.
1029 2731 1117 2775 IV
1143 2734 1238 2776 838
1261 2732 1277 2787 ΙΙ
1301 2735 1388 2774 240
1403 2730 1611 2774 MestaH
1632 2730 1637 2788 l
1657 2729 1791 2775 Muta

103 2796 222 2830 senis
245 2787 474 2890 ‘ssrerstur‘
504 2788 706 2845 puerilia
729 2789 954 2835 Heinsius
980 2804 1035 2835 ex
1066 2791 1193 2835 codd.
1211 2789 1439 2847 probante
1466 2790 1658 2834 Menkio
1688 2790 1787 2834 coll.

107 2838 238 2890 Theb.
335 2849 425 2891 334
463 2846 612 2891 VIII
639 2850 743 2893 196.
