1976 3094
186 139 293 194 180
753 137 802 185 P.
833 137 1062 183 PAPINH
1093 136 1286 183 srA'rn

181 261 298 314 Lux
335 261 517 328 timet,
558 261 611 311 et
650 258 813 311 durus
854 258 1142 311 contristat
1182 258 1358 312 sidera
1396 258 1591 329 fulgor.

181 333 364 405 Digna
401 334 520 386 loco
562 332 753 385 stassio:
791 331 981 400 primis
1024 332 1152 384 salit
1188 330 1431 402 Impetus
1473 351 1658 386 amens

181 407 228 461 E
267 408 477 461 foribus
518 423 839 474 caecumque
878 403 1047 458 Nefas
1086 405 1312 475 Iraeque
1350 407 1603 460 rubentes

180 481 577 550 Exanguesque
614 477 815 548 Metus,
855 479 1185 549 occultisque
1224 480 1443 533 ensibus
1483 484 1667 534 astant

180 555 416 608 Insidiae
455 553 833 623 geminumque
871 555 1059 606 tenens
1098 552 1385 608 Discordia
1423 553 1639 607 ferrum.
1813 568 1868 609 50

180 627 484 681 Innumeris
527 627 724 695 strepit-
762 627 887 679 aula
924 625 1108 692 Minis,
1149 627 1466 681 trisssissima
1503 627 1693 681 Virtus

182 700 305 755 Sta'n
343 701 548 770 medic,
586 701 869 769 laetusque
907 699 1080 754 Furor
1117 701 1376 772 vultuque
1415 704 1639 756 cruento

180 776 329 829 Mors
371 778 581 828 armaiza
621 774 793 844 sedet3
832 774 1102 827 bellorum
1143 775 1289 828 solus
1329 776 1388 828 in
1427 776 1534 829 aris

182 848 414 919 Sanguis
455 852 509 904 et
546 848 781 901 incensis
822 850 912 917 qui
951 851 1140 918 raptus
1181 848 1250 901 ab
1289 849 1512 902 urbibus
1551 848 1712 920 ignis,

181 923 468 976 Terrarum
509 923 731 977 exuviae
772 921 973 975 circum
1014 925 1068 974 et
1104 922 1326 992 fastigia
1363 923 1558 992 templi
1813 937 1868 978 55

182 996 388 1066 Capssae
428 996 770 1065 insignibant
808 999 1022 1064 33111133,
1062 996 1375 1066 caelataque
1413 997 1556 1050 ferro

180 1070 475 1141 Fragmina
512 1073 794 1139 portarum
832 1069 1245 1139 bellatricesque
1285 1070 1520 1140 carinae,

181 1145 257 1198 Et
295 1145 451 1198 vacui
490 1161 675 1197 currus
715 1144 1054 1213 probritaque
1094 1144 1339 1197 curribus
1380 1163 1498 1214 ora,

181 1218 362 1272 Paene
403 1218 567 1271 etiam
607 1218 862 1287 gemitus:
904 1217 1038 1271 adeo
1078 1218 1158 1271 vis
1199 1219 1376 1271 omnis
1416 1221 1470 1271 et
1508 1235 1666 1271 omne

182 1291 409 1346 Vulnus.
458 1290 674 1360 Ubique
706 1291 901 1359 ipsum,
935 1291 1028 1344 sed
1051 1309 1160 1344 non
1184 1309 1412 1361 usquam
1437 1310 1529 1346 ore
1555 1292 1780 1346 remisso
1813 1305 1870 1347 60
1935 1293 1939 1304 ²
1975 1297 1976 1322 ³

184 1363 417 1418 Cernere
458 1368 596 1417 erat:
635 1365 803 1417 talem
843 1364 1024 1418 divina
1062 1364 1328 1418 Mulciber
1369 1370 1485 1420 arte
1940 1371 1944 1374 ’

180 1438 460 1506 Εᾶίᾶ313ίῑ;
498 1438 736 1492 nondum
774 1438 941 1492 radiis
980 1442 1314 1492 monstrassus
1355 1439 1566 1493 adulter

183 1513 363 1567 Foeda
403 1516 652 1566 catenato
693 1513 871 1566 luerat
909 1513 1139 1566 conubia
1178 1514 1334 1568 lecto.

258 1587 527 1650 Quaerere
565 1587 895 1655 izemplorum
934 1604 1120 1656 regem
1158 1587 1249 1640 vix
1288 1591 1542 1656 coeperat
1581 1588 1690 1640 ales

182 1660 505 1729 Maenalius,
543 1660 731 1712 bremit
769 1677 888 1712 ecce
930 1660 1105 1712 solum
1144 1663 1200 1712 et
1238 1662 1449 1730 mugire
1489 1661 1735 1714 refractis
1814 1673 1869 1715 65

183 1733 449 1804 Corniger
487 1732 703 1786 Hebrus
744 1733 921 1803 aquis3
960 1737 1088 1786 tunc
1129 1734 1270 1803 quod
1308 1753 1471 1804 pecus
1511 1735 1644 1787 utile
1682 1735 1824 1788 bello

181 1806 399 1861 Vallem
438 1807 758 1876 infestabat,
796 1806 1033 1876 trepidas
1073 1825 1323 1876 spumare
1361 1826 1458 1876 per
1495 1808 1715 1878 herbaS,

183 1880 354 1953 Signa
393 1881 761 1949 adventantiS,
801 1881 1121 1950 clausaeque
1161 1881 1450 1935 adamante
1488 1884 1714 1951 perenni

180 1954 481 2008 Dissiluere
519 1954 678 2008 fores,
753 1953 1011 2022 Hyrcano
1050 1955 1110 2007 in
1150 1956 1412 2025 sanguine
1449 1957 1672 2025 pulcher

181 2028 308 2098 Ipse
350 2028 496 2082 subii:
536 2046 714 2097 curm,
754 2028 972 2098 diraque
1013 2029 1301 2099 aspargine
1339 2030 1480 2083 latos
1815 2043 1871 2085 '¹10
1947 2062 1962 2116 ··

181 2102 363 2156 Muisat
402 2119 564 2172 agros
573 2144 588 2171 ,
629 2102 804 2170 spolia
843 2121 874 2154 a
912 2105 1069 2169 tergo
1109 2103 1404 2172 flentesque
1444 2106 1712 2157 catervae:

181 2175 331 2229 Dant
369 2176 537 2230 silvae
576 2176 776 2244 nixque
816 2176 932 2228 alta
969 2176 1168 2246 locum3
1208 2177 1351 2248 regit
1389 2180 1508 2230 31113
1546 2179 1754 2248 iugales

184 2248 491 2320 Sanguinea
529 2248 757 2302 Bellona
795 2268 960 2302 manu
998 2250 1270 2320 longaque
1308 2250 1509 2321 fatigat

184 2322 432 2392 Cuspide.
509 2322 766 2393 Deriguit
803 2323 922 2376 visu
962 2321 1210 2392 Cyllenia
1247 2325 1426 2394 proles

185 2395 554 2465 Submisitque
596 2414 784 2466 genas:
823 2397 929 2465 ipsi
966 2398 1267 2451 reverentia
1304 2399 1471 2468 patri,
1815 2412 1868 2452 75

184 2469 243 2523 Si
282 2488 452 2540 prope
493 2470 585 2537 sit,
624 2470 908 2539 dematque
947 2471 1124 2523 minas
1163 2489 1262 2525 nec
1299 2472 1436 2525 talia
1474 2472 1706 2526 mandet.

183 2542 359 2606 ‘Quod
390 2543 535 2596 Iovis
567 2543 880 2612 imperium,
913 2561 1112 2614 magno
1141 2545 1268 2614 quid
1293 2546 1361 2609 ab
1386 2546 1602 2599 aethere
1625 2544 1868 2615 portas?

304 2679 360 2719 46
394 2672 522 2717 dirus
553 2678 599 2716 u
636 2675 651 2731 ΙΙ
689 2678 745 2718 56
777 2672 1083 2730 insignabant
1113 2680 1145 2717 P
1169 2689 1245 2731 pr.
1278 2689 1352 2730 m.,
1383 2676 1444 2720 αῖ.
1477 2689 1590 2720 corr.
1615 2678 1631 2733 ΙΙ
1664 2680 1718 2720 59
1743 2675 1868 2720 Pone
1951 2723 1953 2726 Α

113 2788 115 2793 y
183 2732 335 2778 aciem
373 2731 560 2789 genibus
591 2732 650 2777 R.
693 2733 899 2791 Unyerus
925 2739 932 2788 1
959 2733 1029 2778 vis
1063 2734 1213 2778 omnis
1246 2734 1307 2778 ad
1339 2747 1474 2778 omne
1504 2736 1572 2780 vel
1603 2734 1768 2779 aderat
1796 2733 1868 2781 vis

184 2791 336 2835 omnis
371 2794 418 2836 et
450 2805 585 2835 omne
617 2793 843 2837 Barthius
873 2794 889 2850 ΙΙ
922 2796 976 2837 65
1008 2792 1251 2850 mugibere
1283 2798 1317 2836 P
1346 2792 1564 2851 mugibat
1595 2799 1621 2837 S
1651 2807 1733 2840 sec.
1765 2808 1821 2838 m.
1854 2793 1869 2852 ΙΙ

186 2855 241 2895 66
258 2850 385 2895 bello
403 2856 435 2893 P
450 2850 589 2895 bellis
607 2852 740 2897 ceteri
762 2854 777 2908 ΙΙ
802 2856 856 2896 ’70
880 2850 1031 2895 laetos
1049 2852 1273 2898 Barthius
1295 2854 1311 2909 ΙΙ
1337 2858 1390 2898 77
1414 2867 1680 2910 magnoque
1697 2855 1744 2898 et
1759 2853 1819 2897 ab
1836 2857 1869 2896 P
