1988 3106
673 166 983 213 SILUARUM
1013 166 1066 212 L.
1098 166 1156 224 V,
1187 171 1228 212 8.

49 285 246 359 ssLanea
282 288 367 343 cui
405 286 631 357 Phrygii
670 304 823 340 coma
861 286 1110 355 flaminis,
1148 288 1202 339 et
1237 288 1333 339 tua
1370 286 1599 339 multum

37 361 302 424 ,sUerbera
340 360 595 416 succincti
633 359 986 414 formidauere
1023 358 1267 428 Luperci.

38 431 141 492 'Et
176 452 318 489 nunc
357 452 421 489 ex
457 434 551 488 illo
589 433 776 487 forsan
813 449 975 503 grege
1014 433 1266 503 gentibus
1305 433 1443 486 alter

66 509 192 565 Iura
228 508 321 562 dat
357 507 503 578 Eois,
542 507 679 560 alter
716 506 1007 576 compescit
1045 505 1292 575 Hiberos,

69 582 224 641 Alter
261 580 679 635 Achaemenium
719 580 942 633 secludit
980 578 1269 650 Zeugmate
1308 579 1523 651 Persen,

69 652 143 719 Hi
179 655 314 709 dites
352 653 515 708 Asiae
552 654 796 724 populos,
832 653 890 706 hi
928 651 1153 706 Pontica
1190 654 1420 718 frenant,

70 720 144 785 Hi
173 727 291 783 fora
327 727 563 797 pacificis
603 727 891 780 emendant
928 726 1182 795 fascibus,
1220 726 1300 779 illi

71 799 261 859 Castra
298 801 390 871 pia
427 800 658 855 statione
682 803 888 854 tenent:
928 802 987 852 tu
1020 799 1191 852 laudis
1223 800 1390 869 origo.

40 872 197 938 <Non
233 874 335 928 tibi
373 876 672 928 certassent
708 873 965 927 iuuenilia
1004 873 1204 943 fingere
1243 873 1407 927 corda

69 945 267 1003 Nestor
305 950 359 1001 et
395 947 644 1002 indomiti
682 946 922 1000 Phoenix
961 947 1265 1000 moderator
1302 947 1504 999 alumni

45 1020 276 1091 ¹:Quique
314 1021 474 1075 tubas
513 1038 661 1075 acres
700 1021 968 1089 lituosque
1008 1020 1191 1073 audire
1230 1020 1504 1073 uolentem

41 1093 341 1153 {Aeaciden
379 1095 487 1149 alio
523 1094 812 1165 frangebat
850 1094 1084 1147 carmine
1125 1091 1341 1146 Chiron.

4 1198 7 1219 ι
44 1165 227 1222 'Talia
265 1168 390 1222 dum
428 1168 679 1236 celebras,
718 1167 964 1220 subitam
991 1167 1165 1220 ciuilis
1196 1166 1394 1235 Erinys

59 1236 304 1311 warpeio
343 1242 408 1295 de
446 1243 628 1295 monte
666 1241 838 1294 facem
876 1240 1276 1310 Phlegraeaque
1314 1241 1486 1293 mouit

60 1303 297 1383 .5Praelia.
374 1314 650 1384 sacrilegis
689 1315 870 1367 lucent
908 1312 1177 1383 Capitolia
1207 1313 1396 1381 taediS‚

68 1384 149 1445 Et
185 1386 456 1442 Senonum
493 1388 661 1441 furias
701 1387 886 1440 Latiae
917 1404 1191 1455 sumpsere
1223 1386 1485 1440 cohortes,

74 1456 181 1516 Uix
218 1462 425 1531 requies
464 1461 712 1514 flammae
751 1460 979 1513 necdum
1017 1477 1181 1530 rogus
1228 1460 1317 1512 ille
1357 1460 1573 1513 deorum

80 1531 300 1604 Siderat,
337 1534 527 1588 excisis
566 1552 687 1588 cum
725 1537 785 1587 tu
826 1533 1021 1586 solatia
1057 1534 1275 1602 templis

77 1605 313 1678 Impiger
351 1610 405 1661 et
441 1608 669 1661 multum
707 1607 914 1660 facibus
952 1607 1186 1660 uelocior
1222 1607 1354 1675 ipsis

40 1734 41 1738 ,
80 1667 332 1734 ὒοῑιοίῐιίε
371 1698 463 1735 ore
500 1682 589 1750 pio
628 1682 945 1750 captiuaque
975 1680 1202 1732 fulmina
1240 1680 1415 1733 defles,

38 1769 42 1779 ·
80 1752 343 1808 Mirantur
380 1753 520 1808 Latii
558 1772 805 1824 proceres
837 1755 1083 1822 ultorque
1122 1754 1341 1806 deorum

40 1847 42 1857 ·
82 1824 290 1897 Caesar,
327 1830 382 1881 et
419 1845 446 1880 e
485 1827 660 1881 medio
699 1827 881 1880 diuum
919 1831 1075 1896 pater
1113 1827 1301 1879 annuit
1330 1827 1459 1896 igni.

81 1897 296 1970 Iamque
335 1903 390 1955 et
426 1900 552 1954 fiere
590 1901 680 1970 pio
719 1900 959 1954 Uesuina
996 1900 1245 1953 incendia
1284 1904 1444 1952 cantu

82 1971 234 2027 Mens
273 1976 389 2027 erat
427 1977 483 2027 et
519 1974 778 2044 gemitum
816 1975 1005 2042 patriis
1044 1973 1349 2042 impendere
1390 1973 1613 2041 damnis,

85 2043 218 2100 Cum
253 2049 406 2117 pater
444 2050 747 2116 exemptum
784 2048 942 2099 terris
983 2046 1050 2099 ad
1089 2047 1263 2099 sidera
1301 2051 1539 2099 montem

86 2117 313 2173 Sustulit
350 2122 405 2173 et
439 2120 550 2173 late
589 2121 811 2173 miseras
852 2120 1043 2172 deiecit
1080 2120 1138 2172 in
1176 2120 1349 2172 urbes,

84 2190 170 2244 Me
208 2210 415 2263 quoque
451 2194 665 2247 uocales
704 2194 853 2246 lucos
893 2192 1201 2260 Boeotaque
1239 2196 1420 2261 tempe

85 2263 409 2335 Pulsantem,
446 2284 567 2319 cum
606 2267 771 2335 stirpe
810 2270 905 2319 tua
936 2266 1252 2319 descendere
1284 2266 1407 2334 dixi,

90 2336 361 2392 Admisere
399 2339 551 2409 deae3
588 2357 685 2392 nec
724 2339 867 2392 enim
908 2339 1011 2392 sibi
1051 2340 1226 2392 sidera
1263 2342 1472 2391 tantum

48 2886 51 2897 ,
89 2858 174 2891 uos
202 2846 381 2904 debere,
412 2863 457 2904 p.
492 2848 666 2892 Markl.

1721 164 1826 218 149

1746 445 1829 486 185

1751 813 1834 853 190

1755 1179 1838 1220 195

1754 1546 1842 1587 200

1761 1914 1844 1952 205

1763 2280 1849 2319 210

206 2561 288 2601 183
321 2555 412 2601 Cm·
439 2555 568 2613 frigii
598 2556 746 2600 lateat
776 2569 908 2600 coma
940 2560 969 2597 c
1001 2571 1049 2611 a,
1082 2569 1195 2601 corr.
1227 2558 1466 2601 Auantius
1487 2559 1503 2613 ΙΙ
1529 2561 1611 2601 187
1643 2558 1852 2601 zeumate

5 2631 10 2643 ·
48 2661 49 2675 χ
89 2615 119 2654 0
149 2614 214 2671 au
237 2619 320 2660 197
358 2614 480 2660 tedis
514 2618 542 2658 ς
576 2630 623 2659 a:
656 2614 811 2659 rhedis
844 2618 872 2656 G
895 2616 911 2671 ΙΙ
936 2619 1019 2658 199
1053 2615 1243 2659 deorum
1275 2619 1325 2658 σε
1366 2616 1560 2659 duorum
1593 2619 1622 2658 ς
1656 2630 1683 2657 a
1715 2617 1732 2671 ΙΙ
1766 2620 1851 2659 202

90 2668 302 2730 Goncipis
327 2673 499 2719 Markl.
524 2674 540 2730 ΙΙ
563 2677 649 2718 205
680 2672 905 2717 uesuuina
923 2677 951 2714 c
984 2688 1011 2715 a
1033 2675 1048 2729 ΙΙ
1072 2678 1157 2717 207
1183 2676 1390 2717 montem
1411 2678 1470 2717 A:
1501 2675 1658 2717 monte
1676 2678 1704 2715 c
1728 2675 1743 2730 ΙΙ
1766 2678 1852 2718 209

89 2728 352 2787 Boeotaque
390 2732 577 2787 scripsi.-
614 2732 836 2787 luotaque
875 2730 938 2774 A*
976 2731 1197 2788 inotaque
1237 2733 1309 2776 uel
1338 2732 1531 2788 lutaque
1571 2736 1600 2773 c
1639 2732 1853 2776 lustrata·

0 2839 2 2843 y
91 2801 179 2843 qne
193 2787 325 2835 Dom.
348 2790 364 2846 ΙΙ
387 2794 470 2834 211
504 2789 594 2834 sibi
623 2791 812 2846 scripsi.-
841 2789 958 2834 mihi
991 2795 1019 2832 c
1051 2805 1079 2833 a
1108 2789 1225 2834 mihi
1257 2805 1291 2834 s.
1322 2790 1443 2834 tanti
1473 2791 1527 2834 A.
1561 2804 1598 2834 e.
1630 2792 1680 2847 t.,
1713 2804 1852 2847 quam
