1976 3094
628 173 968 221 THEBAIDOS
1000 173 1111 219 LIB.
1145 171 1244 219 VH.
1672 170 1780 226 203

0 287 13 361 {⁴-
99 298 281 355 Funus
322 300 423 351 eat.
499 295 650 351 Talis
690 296 896 351 medios
937 296 1178 350 aufertur
1216 296 1272 348 in
1310 295 1495 348 hostes

0 354 14 433 ἓ)
98 372 292 429 Certus
332 374 386 424 et
423 371 538 440 ipse
577 370 745 440 necis,
785 372 928 423 vires
966 369 1163 423 fiducia
1202 370 1299 423 leti

13 471 15 479 ¹
99 445 380 516 Suggerit3
417 444 540 499 inde
578 444 694 498 viro
735 444 1048 514 maioraque
1089 444 1332 497 membra
1369 443 1588 512 diesque
1697 455 1783 494 τοι)

15 564 17 572 .
99 519 318 575 Laetior
356 522 411 573 et
448 537 743 589 numquam
781 522 936 571 tanta
975 517 1307 587 experientia
1346 517 1503 585 caeli,

98 593 161 650 Si
199 595 377 648 vacet:
417 592 616 647 avertit
655 593 819 645 morti
858 592 1194 646 contermina
1234 591 1441 645 Virtus.

28 705 30 720 ι
99 668 268 723 Ardet
307 666 581 736 inexpleto
622 667 769 720 saevi
807 666 1071 719 Mavortis
1112 684 1316 734 amore,

29 766 31 794 l
99 741 174 797 Et
209 740 406 795 fruitur
445 741 634 794 dextra
673 743 834 809 atque
876 740 1057 795 anima
1095 740 1360 810 flagrante
1401 738 1659 809 superbit.

32 875 34 883 y
98 815 271 871 Hicne
309 814 591 869 hominum
631 832 789 868 casus
828 814 995 867 lenire
1036 817 1090 867 et
1129 814 1340 867 demere
1379 814 1506 866 fatis
1702 825 1787 865 705

99 888 224 944 Iura
263 887 551 958 frequens?
591 891 854 958 quantum
894 888 1074 941 subito
1114 888 1357 941 diversus
1398 888 1466 940 ab
1505 887 1624 955 illo,

33 958 35 985 ²
100 962 205 1027 Qui
243 962 488 1032 tripodas
527 962 816 1032 laurusque
858 963 1031 1031 sequi,
1070 962 1160 1031 qui
1201 962 1388 1015 doetus
1428 962 1484 1014 iu
1524 961 1669 1014 omni

99 1036 257 1092 Nube
296 1036 527 1090 salutato
567 1037 843 1090 volucrem
883 1053 1204 1106 cognoscere
1243 1035 1482 1089 Phoebo,

30 1169 31 1174 ,
99 1110 446 1164 Innumeram
483 1109 626 1163 ferro
666 1110 904 1180 plebem,
944 1128 1043 1163 ceu
1081 1110 1260 1162 letifer
1300 1128 1471 1163 annus

100 1185 215 1238 Aut
252 1183 408 1237 iubar
448 1183 660 1238 adversi
699 1201 864 1254 grave
905 1183 1117 1250 sideriS,
1156 1183 1403 1237 immolat
1441 1182 1649 1236 umbris
1702 1195 1786 1235 710

99 1257 223 1327 Ipse
263 1257 396 1311 suis:
436 1257 612 1311 iaculo
652 1257 939 1328 Phlegyan
977 1258 1260 1327 iaculoque
1301 1257 1594 1326 superbum

100 1331 330 1401 Phylea,
369 1331 568 1385 falcato
609 1329 807 1385 Clonin
846 1335 900 1384 et
939 1330 1296 1384 Cremetaona
1337 1349 1495 1385 curru

102 1404 416 1461 Comminus
447 1404 589 1458 hunc
623 1407 861 1458 stantem
895 1405 1073 1474 metit,
1105 1405 1248 1458 huuc
1280 1424 1312 1458 a
1335 1405 1543 1475 poplite
1574 1407 1794 1470 sectum,

103 1477 337 1548 Cuspide
377 1479 611 1532 demissa
650 1476 910 1532 Chromin
948 1478 1342 1549 Iphinoumque
1382 1478 1669 1549 Sagenque

101 1551 494 1622 Intonsumque
533 1551 686 1622 Gyan
726 1570 1042 1622 sacrumque
1082 1552 1322 1622 Lycorea
1360 1552 1584 1605 Phoebo
1710 1565 1794 1604 715

103 1625 364 1696 (Invitust
405 1627 513 1679 iam
550 1625 852 1680 fraxineum
891 1626 1183 1680 demiserat
1221 1627 1414 1680 hastae

103 1699 313 1770 Robur,
352 1704 408 1754 et
445 1701 684 1754 excussis
726 1701 979 1771 apparuit
1017 1700 1192 1753 infula
1231 1700 1458 1770 cristis),

93 1773 432 1837 &Alcathoum
471 1792 600 1828 saxo
610 1816 625 1844 ,
663 1774 749 1828 cui
788 1775 989 1828 circum
1031 1778 1226 1846 stagna
1266 1773 1483 1844 Carysti

105 1846 181 1900 Et
219 1846 409 1900 domus
449 1850 504 1900 et
541 1848 775 1902 coniunx
813 1852 869 1902 et
907 1852 1150 1902 amantes
1192 1850 1358 1902 litora
1396 1849 1526 1903 nati.

105 1920 334 1974 Vixerat
370 1921 463 1973 ille
502 1921 594 1974 diu
630 1940 835 1990 pauper
874 1926 1141 1976 scrutator
1180 1941 1468 1992 aquarum,
1713 1934 1797 1974 720

105 1994 335 2064 Decepit
372 1994 561 2064 tellus,
599 1995 834 2048 moriens
874 1995 1186 2064 hiemesque
1224 2001 1492 2066 notosque

106 2067 319 2121 Laudat
358 2071 413 2121 et
451 2068 661 2137 experti
698 2069 925 2122 meliora
962 2070 1203 2138 pericula
1240 2070 1408 2138 ponti.

182 2141 398 2211 Aspicit
435 2141 534 2195 has
573 2141 736 2212 longe
775 2142 1086 2195 iamdudum
1126 2143 1364 2212 Asopius
1403 2142 1660 2212 Hypseus

106 2214 397 2269 Palantum
437 2219 649 2286 strages
689 2216 947 2285 ardetque
988 2219 1229 2270 avertere
1268 2234 1531 2287 pugnam,

108 2288 448 2358 Quamquam
471 2289 606 2343 haut
628 2289 744 2358 ipse
769 2290 947 2344 minus
973 2308 1133 2343 curru
1149 2290 1439 2360 Tirynthia
1455 2290 1686 2344 fundens
1714 2303 1798 2343 725

230 2453 316 2493 698
342 2449 420 2492 eat
442 2453 474 2491 P
498 2449 724 2494 Barthius
749 2451 850 2493 erat
873 2451 1006 2495 ceteri
1030 2451 1039 2506 l
1067 2450 1279 2495 aufertur
1301 2456 1376 2495 PB
1394 2467 1469 2509 pr.
1496 2467 1553 2497 m.
1580 2451 1803 2495 Heinsius

111 2506 311 2551 infertur
341 2511 374 2551 Β
405 2521 462 2552 m.
494 2522 575 2553 sec.
610 2507 763 2551 (3²51
793 2511 807 2567 ΙΙ
841 2514 922 2554 701
965 2508 1130 2554 Latior
1161 2515 1193 2553 P
1236 2510 1395 2555 Letior
1425 2516 1459 2555 B
1491 2515 1506 2569 n
1539 2517 1623 2556 705
1655 2510 1802 2553 Hicne

112 2570 146 2610 Ρ
175 2565 265 2610 Hic
293 2568 426 2612 ceteri
447 2567 463 2623 ΙΙ
488 2571 571 2611 709
603 2566 793 2622 plebem
822 2567 943 2613 ferro
974 2569 1076 2612 301²
1107 2570 1248 2614 Behh.
1276 2575 1349 2613 cH
1378 2574 1394 2627 u
1427 2576 1512 2616 710
1544 2571 1641 2614 Aut
1670 2570 1806 2613 iuuat

22 2637 27 2656 ¹
113 2629 147 2668 P
168 2626 184 2682 11
209 2630 291 2671 711
332 2624 571 2683 phlegyan
602 2629 635 2669 B
672 2626 898 2684 phlegian
929 2643 951 2670 c
991 2627 1203 2686 plegyan
1234 2630 1292 2671 (3²
1329 2629 1586 2686 phlegyam
1617 2633 1703 2672 ΡΠ
1748 2627 1805 2681 cf.

57 2688 59 2733 i
115 2683 151 2728 Ι
185 2687 275 2730 713
313 2687 330 2743 ΙΙ
370 2689 453 2730 712
497 2684 657 2729 clonin
695 2690 813 2740 PpH
851 2688 909 2742 cf.
941 2702 981 2733 v.
1016 2691 1106 2733 369
1148 2687 1323 2732 clomin
1354 2690 1491 2732 BG²s
1532 2687 1712 2732 cromin
1743 2691 1807 2729 c'r

115 2769 338 2816 Chromin
367 2774 464 2818 edd.
506 2772 720 2818 Clonium
752 2775 866 2819 coni.
904 2774 1164 2821 Gronovius
1187 2778 1202 2832 ΙΙ
1227 2782 1314 2820 714
1344 2791 1439 2821 non
1470 2776 1615 2820 missa
1644 2781 1676 2819 P
1707 2746 1808 2832 ndoen

114 2829 259 2875 missa
287 2834 321 2874 B
355 2835 363 2888 Ι
396 2831 766 2889 iphidnoumque
796 2838 829 2876 P
863 2837 869 2889 Ι
906 2848 1110 2891 sagemq.
1144 2839 1178 2877 B
1217 2838 1232 2891 ΙΙ
1273 2841 1357 2880 716
1399 2835 1655 2880 demiserat
1684 2841 1807 2878 PGI.

117 2886 359 2934 dimiserat
379 2891 608 2949 Be²su11
633 2897 718 2937 725
750 2891 949 2938 fundens
973 2899 1005 2936 P
1037 2893 1195 2938 fundit
1217 2895 1410 2938 Be²sn
1440 2895 1610 2939 fundat
1639 2911 1667 2950 p
1690 2895 1803 2941 Βοὴ.
