1976 3126
246 160 354 214 238
819 158 869 202 P.
901 157 1127 203 PAPINll
1160 155 1356 201 STATII

245 280 437 335 Nudus
476 282 534 335 in
573 280 782 352 egregii
821 296 1046 333 vacuum
1085 278 1195 331 iam
1234 295 1429 346 corpus
1470 276 1630 330 amici
1920 275 1935 326 'l

245 356 488 410 Procidit
528 357 582 408 et
619 355 723 408 tali
761 353 1011 407 lacrimas
1052 371 1173 406 cum
1210 369 1341 405 voce
1379 350 1644 420 profudit:
1911 348 1939 370 ²

246 429 459 484 ‘Hasne
497 429 625 498 tibi,
665 446 939 482 armorum
979 445 1101 497 spes
1142 445 1173 480 o
1213 443 1467 495 suprema
1504 442 1768 494 meorum,
1906 422 1940 477 :i

246 504 474 574 Oenide,
513 506 723 573 grates,
762 503 896 556 haec
934 501 1177 572 praemia
1216 500 1382 570 digna
1418 498 1684 569 rependi?
1877 500 1941 553 50}

246 578 439 634 Nudus
480 582 541 631 ut
579 578 756 631 invisa
796 574 988 630 Cadmi
1026 575 1225 629 tellure
1263 575 1466 627 iaceres
1928 570 1943 623 l

246 652 461 722 Sospite
501 651 624 706 me?
662 669 805 704 nunc
843 651 966 704 exul
1006 667 1108 720 ego
1148 653 1533 717 aeternumque
1570 647 1816 717 fugatus,
1929 647 1940 692 )

246 727 473 791 Quando
514 727 655 780 alius
696 726 894 778 misero
936 743 998 778 ac
1036 724 1230 777 melior
1268 722 1405 776 mihi
1434 722 1606 775 frater
1638 717 1944 796 ademptusfij

244 801 360 855 Nec
400 802 511 854 iam
550 801 777 854 sortitus
816 802 1026 852 veteres
1067 798 1326 868 regnique
1363 797 1609 850 nocentis
1699 847 1722 869 ,
1922 793 1944 843 ἑ

245 875 527 930 Periurum
567 874 816 928 diadema
852 877 1003 942 peto:
1045 891 1150 943 quo
1191 871 1390 943 gaudia
1427 871 1572 925 tanti
1876 866 1945 927 5³?

243 950 448 1021 Empta
471 949 609 1002 mihi
634 952 727 1002 aut
751 951 1040 1018 sceptrum,
1066 946 1208 1017 quod
1231 965 1341 1000 non
1363 949 1460 999 tua
1485 944 1704 998 dextera
1721 938 1946 1010 tradet?

244 1024 359 1094 Ite,
397 1025 524 1094 viri,
562 1027 848 1092 totumque
886 1022 1000 1076 fero
1042 1040 1126 1075 me
1165 1020 1398 1090 linquite
1435 1019 1617 1072 fratri:
1931 1008 1947 1093 ξ

243 1099 341 1153 Nil
381 1117 516 1168 opus
558 1116 708 1151 arma
746 1099 892 1150 ultra
928 1099 1197 1165 temptare
1237 1099 1292 1148 et
1329 1111 1553 1165 pergere
1592 1096 1816 1161 mortes3

242 1173 350 1242 Ite,
388 1191 604 1243 precor3
644 1172 770 1241 quid
809 1172 919 1224 iam
958 1170 1159 1224 dabitis
1198 1169 1332 1222 mihi
1373 1168 1601 1238 denique
1641 1167 1853 1220 maius?

244 1247 431 1317 Tydea
470 1245 806 1316 consumpsi,
847 1264 1080 1315 quanam
1119 1244 1264 1297 hunc
1297 1259 1399 1313 ego
1432 1245 1608 1296 morte
1639 1240 1840 1311 piabo?
1878 1253 1904 1294 6
1951 1287 1953 1289 ,

247 1321 292 1375 Ο
335 1340 508 1391 socer,
549 1340 579 1374 o
620 1319 781 1390 Argi!
822 1324 877 1373 et
913 1320 1123 1389 primae
1160 1319 1307 1372 bona
1343 1317 1523 1388 iurgia
1560 1317 1759 1384 noctiS‚

243 1395 610 1465 Alternaeque
648 1413 841 1448 manus
881 1397 935 1447 et
974 1393 1126 1463 longi
1163 1393 1361 1463 pignus
1402 1391 1600 1445 amoris
1956 1435 1957 1439 ,

243 1470 334 1524 Ira
371 1471 576 1542 brevis3
615 1487 726 1523 non
765 1487 852 1523 me
892 1487 1018 1522 ense
1057 1471 1154 1521 tuo
1193 1470 1336 1536 tum,
1375 1466 1610 1519 maxime
1650 1463 1855 1533 Tydeu,
1952 1461 1957 1492 ·'

244 1544 342 1612 (Et
380 1543 623 1615 poteras)
670 1544 848 1598 nostri
894 1545 1194 1596 mactatum
1239 1542 1296 1594 in
1336 1540 1523 1593 limine
1562 1539 1788 1592 Adrasti
1828 1526 1976 1597 -ff*

160 1643 163 1645 ·
245 1618 388 1681 Quin
427 1619 592 1672 etiam
632 1618 847 1672 Thebas
887 1635 972 1669 me
1011 1619 1234 1686 propter
1272 1618 1327 1668 et
1363 1613 1534 1683 impia
1570 1613 1755 1666 fratris
1877 1600 1976 1666 6έέ

244 1692 411 1747 Tecta
449 1693 648 1763 libenS,
687 1692 827 1745 unde
865 1691 1003 1744 haut
1041 1691 1181 1744 alius
1221 1690 1541 1756 remeasset,
1579 1687 1765 1756 adisti,
1926 1672 1976 1740 1

244 1766 354 1822 Ceu
391 1767 611 1820 tibimet
653 1769 868 1835 sceptra
899 1768 955 1818 et
985 1764 1237 1834 proprios
1276 1764 1486 1816 laturus
1525 1762 1777 1815 honores,

242 1841 360 1895 Iam
401 1841 701 1895 Telamona
739 1840 912 1910 pium,
949 1839 1062 1892 iam
1100 1838 1312 1892 Thesea
1348 1837 1497 1891 fama
1534 1836 1764 1889 tacebat.
1926 1883 1932 1894 ..
1963 1886 1976 1903 ,1

244 1916 435 1980 Qualis
476 1918 534 1969 at
573 1933 695 1968 ecce
734 1914 915 1968 iaces?
955 1931 1093 1983 quae
1131 1913 1367 1984 primum
1405 1911 1629 1965 vulnera
1666 1908 1866 1964 rimer?
1913 1934 1917 1939 =
1959 1905 1976 1921 ²

247 1990 379 2054 Quis
406 1993 531 2044 tuus
557 1989 661 2058 hic,
686 1990 806 2058 quis
834 1990 902 2042 ab
920 1987 1077 2042 hoste
1095 1987 1289 2041 cruor?
1315 2004 1451 2056 quae
1470 1988 1524 2039 te
1542 1985 1761 2055 agmina
1777 1983 1869 2054 qui
1909 1983 1915 1992 '
1964 2035 1965 2038 ,

245 2065 527 2118 Innumeri
566 2067 806 2117 stravere
846 2061 1033 2133 globi?
1071 2080 1202 2116 num
1240 2061 1424 2128 fallor,
1466 2078 1535 2112 an
1573 2060 1690 2128 ipse
1920 2064 1923 2066 ’

242 2138 446 2192 Invidit
484 2140 662 2208 pater,
703 2142 757 2191 et
794 2141 915 2191 tota
951 2136 1100 2190 Mars
1139 2135 1360 2204 impulit
1398 2132 1594 2188 hasta?

245 2211 335 2267 Sic
377 2213 477 2282 ait,
518 2215 572 2266 et
610 2230 858 2266 maerens
899 2212 1197 2265 etiamnum
1236 2208 1448 2263 lubrica
1485 2208 1615 2261 tabo

1910 2135 1917 2170 φ’
1946 2104 1965 2141 ³

362 2356 431 2397 67.
469 2352 585 2397 ‘Ceu
618 2378 673 2385 —
704 2340 925 2397 honores³
959 2349 1234 2394 Priscian.
1265 2347 1353 2392 XII
1384 2352 1441 2393 23
1472 2361 1517 2404 p.
1552 2350 1651 2402 591,
1686 2350 1712 2390 3
1743 2344 1799 2389 Η.

362 2483 418 2523 52
457 2479 571 2522 tunc
610 2477 743 2521 exule
774 2477 1107 2532 aeternumque
1137 2473 1320 2532 fugacis
1350 2478 1383 2515 P
1414 2475 1429 2530 ΙΙ
1461 2477 1518 2517 53
1548 2484 1704 2516 versus
1734 2471 1851 2515 deest
1878 2466 1927 2511 in

241 2543 309 2582 Bc
331 2541 347 2596 ΙΙ
371 2543 428 2583 54
461 2536 652 2582 sortitos
676 2541 709 2579 P
731 2538 747 2594 ss
772 2542 827 2580 57
859 2537 1105 2591 totumque
1128 2539 1161 2577 P
1193 2533 1436 2588 solumque
1462 2532 1595 2576 ceteri
1615 2532 1632 2588 ΙΙ
1654 2534 1712 2575 58
1738 2533 1945 2587 pergem?

242 2604 275 2641 P
304 2597 501 2655 perdere
533 2597 666 2642 ceteri
688 2598 703 2652 ΙΙ
728 2600 785 2640 60
821 2596 947 2639 hunc
976 2599 1059 2638 HL
1090 2594 1316 2638 Bao-thius
1345 2592 1435 2636 hoc
1466 2594 1541 2634 PB
1553 2595 1632 2634 su
1654 2593 1670 2646 ΙΙ
1694 2594 1750 2634 62
1780 2586 1945 2641 Alter-3

241 2671 395 2714 naque
432 2661 546 2701 PBS
577 2658 593 2713 ss
624 2662 678 2702 63
710 2657 814 2699 tum
849 2659 965 2699 PSG
1003 2655 1117 2698 tunc
1153 2657 1242 2696 ΒΗ
1273 2653 1288 2709 ΙΙ
1320 2657 1376 2696 64
1406 2649 1627 2695 mactasti
1658 2651 1778 2703 pGH
1810 2643 1943 2690 coum

246 2719 398 2763 Paris,
440 2720 562 2762 8053
602 2717 699 2761 edd.
740 2717 841 2760 vett.
881 2715 1090 2758 mactare
1128 2718 1161 2756 Τ
1194 2714 1202 2770 Ι
1235 2710 1388 2755 limite
1426 2715 1496 2754 Ps
1533 2709 1549 2766 ss
1587 2713 1643 2754 69
1684 2704 1844 2772 Qualis
1881 2700 1945 2765 eliv

242 2778 368 2823 codd.
409 2778 508 2822 edd.
553 2774 713 2829 Qualis
759 2775 810 2818 at
847 2787 961 2819 corr.
1001 2773 1229 2818 Barthius
1266 2773 1273 2828 1
1311 2769 1452 2814 mirer
1491 2770 1616 2814 codd.
1657 2767 1755 2813 edd.
1793 2765 1942 2808 rimet-

243 2851 356 2881 corr.
383 2836 666 2881 Schraderus
687 2836 703 2891 ΙΙ
729 2839 782 2878 71
814 2848 927 2877 num
957 2835 1187 2875 PBScHr
1209 2830 1447 2875 Bentleius
1476 2828 1527 2873 m‘
1549 2831 1594 2871 n
1623 2839 1719 2871 non
1741 2830 1822 2882 Τφ
1849 2824 1856 2879 Ι
1881 2818 1936 2864 eb

244 2896 345 2952 ipse
381 2897 508 2941 codd.
540 2896 638 2941 edd.
673 2907 734 2939 an
764 2894 866 2951 ipse
900 2906 1013 2938 corr.
1046 2891 1283 2936 Bentleius
