2020 3106
222 101 331 146 XIV
726 99 1009 146 EDITORIS
1039 102 1399 151 PRAEFATIO.

370 220 597 274 Frustra
652 239 990 290 speraveram
1035 223 1152 276 fore
1199 227 1261 276 ut
1309 242 1374 277 ex
1427 224 1697 278 thesauris
1743 224 1919 280 Musei

221 293 528 348 Britannici
565 313 707 348 nova
747 295 988 348 subsidia
1026 297 1162 350 mihi
1202 301 1659 367 compararentur.
1739 298 1843 353 Sed
1883 319 1916 353 a

224 368 591 438 Thompsonio,
644 369 761 422 viro
818 388 1057 423 summae
1112 371 1458 426 liberalitatis
1521 372 1918 444 doctrinaeque,

222 443 420 496 certior
473 442 648 496 factus
708 443 773 496 de
829 445 1080 497 omnibus
1137 448 1402 516 quotquot
1457 450 1807 500 asservantur
1859 448 1917 500 in

220 516 553 571 bibliotheca
590 516 729 569 Mus,
769 517 903 570 Brit.
943 519 1282 588 amplissima
1320 520 1620 591 codicibus,
1658 538 1917 590 magnum

222 608 288 643 ex
326 591 403 643 eis
443 591 815 644 adiumentum
856 598 1167 662 exspectare
1207 594 1403 648 destiti.
1451 593 1588 648 Cum
1627 595 1772 648 enim
1802 596 1915 664 ple-

219 665 372 734 rique
418 682 634 717 versum
680 667 922 734 spurium
969 668 1027 719 in
1072 668 1178 721 fine
1226 669 1479 722 carminis
1519 669 1811 722 exhibeant
1853 687 1917 723 ac

221 738 564 791 deterrimam
618 738 882 793 librorum
938 741 1376 796 distributionem
1423 743 1916 812 quinquepertitam

222 812 348 866 dare
395 812 703 882 videantur,
747 815 930 868 nullus
976 833 1104 869 vero
1151 817 1295 869 ultra
1342 834 1477 870 saec.
1516 817 1736 871 tertium
1776 817 1916 870 deci-

218 905 367 939 mum
419 887 699 957 ascendat,
751 889 961 942 fructus
1013 907 1076 942 ex
1126 890 1237 943 illis
1295 891 1386 945 vix
1442 891 1649 960 percipi
1697 891 1913 960 poterit.

218 960 374 1013 Addo
432 960 599 1031 (quod
644 963 976 1032 benignitati
1022 963 1170 1018 Aem.
1209 964 1524 1018 Baehrensii
1561 964 1779 1037 debeo),
1827 983 1913 1019 ex-

218 1037 360 1088 stare
419 1035 657 1088 codicem
706 1037 928 1090 miscell.
981 1037 1292 1092 Etonensem
1336 1039 1426 1092 Bl.
1467 1043 1515 1092 6.
1553 1041 1587 1092 5
1642 1057 1778 1092 saec.
1817 1058 1914 1091 un-

216 1108 432 1178 decimi,
466 1108 868 1164 characteribus
900 1111 1299 1182 longobardicis
1330 1112 1443 1167 foll.
1480 1113 1694 1168 18-37
1729 1112 1912 1167 Achil-

215 1182 359 1235 leida
398 1183 953 1252 comprehendentem.

366 1255 572 1319 Quibus
635 1259 893 1326 expositis
949 1260 1108 1313 venio
1171 1278 1316 1314 nunc
1378 1261 1446 1315 ad
1506 1262 1651 1314 viros
1708 1261 1912 1331 doctOS,

215 1331 307 1400 qui
346 1330 411 1383 de
442 1330 742 1385 Achilleide
781 1333 917 1386 bene
955 1334 1262 1388 meruerint.
1346 1334 1481 1389 Post
1518 1335 1911 1388 Maturantium

213 1408 268 1457 et
316 1404 627 1475 Avantium,
680 1408 807 1475 post
854 1407 1221 1477 Rammium,
1273 1409 1731 1478 Idndenbroyium,
1781 1409 1910 1463 Gro-

211 1480 422 1532 novium
459 1497 661 1549 magna
700 1485 828 1534 sunt
866 1483 924 1535 in
948 1480 1253 1535 Achilleida
1291 1485 1486 1537 merita
1508 1484 1721 1537 Nicolai
1746 1483 1909 1536 Hein-

211 1553 280 1606 sii
326 1556 381 1605 et
424 1552 680 1607 Richardi
724 1555 954 1625 Bentlei,
1011 1555 1103 1626 qui
1150 1574 1312 1625 quam
1362 1551 1523 1626 saepe
1579 1558 1742 1610 etiam
1791 1558 1907 1610 sine

213 1626 456 1679 codicum
513 1627 764 1681 subsidiis
824 1648 919 1698 suo
975 1630 1194 1700 ingenio
1249 1631 1579 1685 rectissimas
1642 1631 1905 1684 lectiones

211 1699 538 1768 invenerint,
583 1703 867 1770 permultis
920 1704 1053 1757 locis
1109 1705 1430 1758 auctoritate
1478 1705 1807 1774 optimorum
1846 1705 1906 1757 li-

211 1774 431 1827 brorum
468 1773 621 1828 MSS.
654 1777 1014 1830 confirmatur.
1076 1776 1290 1831 Heinsii
1322 1778 1723 1833 emendationes
1764 1783 1818 1832 et
1847 1779 1907 1832 in

213 1847 595 1901 ‘Adversariis'
634 1851 781 1919 typis
822 1869 1104 1920 expressas
1137 1854 1192 1904 et
1222 1853 1279 1906 in
1311 1854 1557 1923 margine
1584 1853 1904 1922 exemplaris

211 1922 462 1976 editionis
501 1922 1006 1995 Lindenbrogianae
1040 1924 1415 1997 Gottingensis
1449 1929 1723 1980 exstantes
1755 1926 1904 1980 Men-

208 1996 330 2049 kius
378 1997 794 2067 diligentissime
849 1999 1102 2053 collectas
1151 2002 1206 2053 et
1252 2001 1549 2070 descriptas
1588 2001 1647 2053 in
1693 2001 1903 2053 schedis

211 2071 320 2123 suis
369 2071 600 2140 reliquit.
684 2072 899 2126 Bentlei
947 2074 1280 2127 coniecturas
1289 2116 1303 2140 ,
1347 2075 1406 2127 in
1457 2074 1749 2143 exemplari
1796 2075 1902 2127 edi-

209 2144 375 2198 tionis
415 2144 770 2200 Gevartianae
810 2145 979 2218 (Leid.
1023 2147 1190 2218 1616)
1229 2148 1390 2202 hodie
1427 2149 1487 2201 in
1523 2147 1660 2202 Mus
1686 2148 1902 2201 Britan-

206 2218 328 2271 nico
378 2224 696 2274 conservato
745 2222 977 2291 margini
1019 2222 1317 2290 adscriptas
1356 2224 1414 2275 in
1460 2224 1635 2275 lucem
1673 2222 1903 2292 protulit

205 2293 386 2345 Maur.
455 2293 726 2362 Hauptius
797 2293 961 2365 (Berl.
1030 2295 1357 2349 Monatsber.
1423 2297 1562 2350 1861
1627 2315 1676 2365 p.
1742 2296 1900 2349 1079.

210 2365 393 2437 1084).
444 2365 577 2419 Post
614 2368 736 2421 illos
777 2371 920 2423 viros
954 2370 1281 2423 clarissimos
1314 2370 1627 2440 dignissimi
1652 2375 1781 2423 sunt
1807 2370 1899 2439 qui

206 2444 690 2495 commemorentur
726 2443 953 2498 Ioannes
989 2442 1308 2510 Soka-aperus
1347 2448 1401 2497 et
1438 2444 1534 2498 Fr.
1572 2443 1711 2511 Auy.
1742 2443 1893 2496 Men-

203 2514 321 2569 kius
367 2514 476 2584 (vel
523 2518 584 2568 ut
629 2515 745 2585 ipse
793 2517 976 2570 audire
1030 2517 1269 2570 malebat
1314 2516 1543 2588 Menea).
1629 2516 1896 2569 Plurimae

202 2588 352 2642 illius
385 2589 725 2643 coniecturae
757 2593 811 2643 et
841 2592 898 2644 in
931 2590 1432 2645 ‘Observationibus
1455 2590 1703 2645 Francos.
1733 2591 1797 2643 17
1804 2589 1894 2643 61³

202 2664 383 2733 palam
422 2662 617 2716 factae
638 2667 692 2716 et
729 2664 789 2717 in
827 2665 966 2717 libro
999 2664 1112 2718 MS.
1143 2665 1504 2719 bibliothecae
1528 2665 1896 2718 Berolinensis

204 2755 268 2791 ex
305 2738 485 2807 legato
534 2735 775 2792 Santenii
823 2737 957 2807 (MS.
995 2738 1140 2793 Diez,
1181 2738 1243 2792 B.
1293 2738 1439 2793 Sant.
1478 2738 1576 2809 47)
1623 2741 1896 2791 exstantes

203 2812 273 2865 ab
316 2811 549 2878 Hauptio
586 2811 621 2864 l.
652 2813 686 2866 l.
727 2812 901 2866 editae
942 2816 1081 2866 sunt.
1142 2813 1408 2883 Meozkius,
1448 2832 1568 2866 cum
1601 2811 1732 2865 olim
1770 2829 1893 2865 con-
