1976 3094
625 161 964 208 THEBAIDOS
997 161 1108 209 LIB.
1140 160 1262 207 vm.
1681 159 1788 213 211

17 314 18 320 1
105 286 307 341 Arceat
345 283 618 339 exanimes
659 287 713 338 et
750 282 1004 338 Manibus
1044 282 1266 337 aethera
1301 281 1461 336 nudis

107 358 495 415 Commaculet:
533 358 682 413 iuvet
720 359 828 412 ista
864 357 1040 412 ferum
1081 360 1326 427 spectare
1365 355 1688 410 Tonantem.

104 434 394 489 Praeterea
430 450 498 486 ne
539 432 658 487 sola
694 432 848 486 furor
885 450 1006 486 mea
1044 448 1214 502 regna
1251 430 1510 498 lacessat,
1741 442 1796 482 75

107 507 314 572 Quaere
353 505 466 562 deis
507 507 600 576 qui
639 507 785 560 bella
822 506 984 571 ferat,
1026 506 1117 575 qui
1155 505 1403 559 fulminis
1442 504 1597 575 ignes

104 581 472 651 Infestumque
510 579 698 635 Iovem
737 581 913 650 clipeo
952 579 1195 634 fumante
1235 579 1477 648 repellat.

102 654 250 711 Faxo
288 654 426 710 haut
463 655 536 709 sit
574 656 781 709 cunctis
822 655 992 709 levior
1030 658 1208 707 metus
1249 656 1371 707 atra
1409 669 1626 706 movere

101 729 352 800 Tartara,
388 727 668 783 frondenti
707 747 868 798 quam
908 729 1133 798 iungere
1172 728 1365 781 Pelion
1404 725 1610 780 Ossae?

101 802 348 872 Dixerat3
386 805 549 873 atque
587 803 672 856 illi
711 803 1026 857 iamdudum
1063 802 1217 874 regia
1254 801 1428 855 tristis
1738 812 1799 854 80

103 877 368 932 Attremit
406 877 608 947 oranti,
649 895 852 947 suaque
892 881 947 931 et
986 895 1124 947 quae
1164 877 1394 946 desuper
1433 877 1597 944 urget

101 950 347 1006 Nutabat
383 950 571 1005 tellus:
609 969 719 1006 non
756 951 953 1005 fortius
994 951 1215 1004 aethera
1252 951 1407 1003 vultu

102 1024 340 1096 Torquet
380 1027 434 1079 et
471 1025 752 1080 astriferos
791 1026 1020 1079 inclinat
1058 1024 1306 1095 Iuppiter
1344 1041 1486 1077 axes.

177 1097 275 1155 ‘At
310 1098 416 1154 tibi
454 1098 609 1170 quos'
648 1099 849 1171 inquit,
889 1098 1121 1168 ‘Manes,
1161 1099 1253 1169 qui
1293 1097 1467 1151 limite
1509 1114 1764 1166 praeceps

102 1172 154 1227 N
159 1191 231 1228 on
265 1173 419 1228 licito
459 1191 557 1244 per
595 1173 755 1228 inane
793 1172 960 1228 ruis?'
1040 1172 1198 1227 Subit
1237 1173 1329 1225 ille
1369 1171 1670 1225 minantem
1738 1184 1795 1225 85

101 1247 220 1301 Iam
258 1247 436 1302 tenuis
473 1247 621 1318 visu,
658 1248 769 1302 iam
807 1248 1225 1302 vanescentibus
1266 1246 1454 1315 armis,

99 1320 217 1375 Iam
255 1319 442 1391 pedes:
483 1323 721 1376 extincto
757 1325 944 1376 tamen
982 1321 1326 1391 indecerptus
1365 1321 1423 1373 in
1462 1337 1556 1373 ore

102 1395 338 1466 Augurii
375 1396 635 1465 perdurat
671 1396 868 1466 1101108,
909 1396 1242 1465 obscuraque
1281 1394 1453 1447 fronti

99 1468 258 1523 Vitta
296 1472 501 1540 manet,
538 1488 856 1540 ramumque
895 1473 1045 1524 tenet
1083 1469 1366 1523 morientis
1406 1468 1599 1522 olivae.

103 1541 180 1597 ‘Si
219 1543 348 1597 licet
386 1547 442 1597 et
480 1544 684 1598 sanctis
723 1544 812 1598 hic
851 1563 947 1598 ora
984 1544 1256 1597 resolvere
1294 1542 1379 1595 fas
1420 1546 1505 1596 est
1737 1554 1796 1595 90
1903 1559 1906 1563 ’

101 1615 376 1688 Manibu8‚
416 1635 448 1672 0
488 1618 694 1673 cunctis
734 1619 919 1672 finitor
955 1618 1191 1671 maxime
1230 1635 1434 1685 rerum,

101 1691 178 1744 At
216 1691 373 1761 mihi,
411 1691 502 1762 qui
542 1693 813 1762 quondam
853 1711 1043 1746 causas
1084 1692 1459 1760 elementaque
1498 1708 1714 1760 noram,

99 1763 175 1818 Et
214 1766 386 1819 sator!
425 1783 546 1835 oro,
585 1767 761 1820 minas
802 1767 1190 1836 stimulataque
1231 1765 1392 1819 corda
1430 1764 1692 1833 remulce,

102 1837 254 1893 Neve
290 1838 374 1892 ira
413 1838 635 1909 dignare
673 1840 947 1895 hominem
988 1844 1042 1894 et
1079 1843 1175 1893 tua
1212 1840 1334 1893 iura
1370 1839 1672 1892 timentem.

100 1911 243 1966 Nam
265 1929 365 1966 nec
389 1912 458 1966 ad
472 1911 766 1968 Herculeos
784 1912 949 1985 (unde
972 1914 1106 1968 haec
1130 1914 1266 1967 1111111
1283 1916 1505 1982 pectora
1514 1913 1567 1984 “?)
1583 1917 1796 1983 raptus„

103 1984 218 2039 Nec
255 1985 522 2040 Venerem
559 1987 825 2042 inlicitam
864 1987 1043 2060 (crede
1082 1988 1168 2041 his
1208 1986 1538 2057 insignibus)
1579 1987 1696 2040 ausi
1736 2002 1793 2041 96

102 2059 374 2113 Intramus
413 2059 646 2114 Lethen:
685 2061 861 2131 fugiat
897 2080 966 2115 ne
1003 2061 1181 2115 tristis
1219 2062 1277 2114 in
1317 2063 1536 2113 antrum

104 2131 394 2203 0011101118,
433 2138 530 2188 aut
566 2138 783 2189 nostros
823 2136 1017 2189 timeat
1055 2134 1381 2204 Proserpina
1421 2152 1625 2187 currus,

102 2208 298 2278 Augur
333 2206 640 2277 Apollineis
679 2210 841 2262 modo
881 2210 1265 2262 dilectissimus
1306 2208 1436 2277 aris,

103 2280 331 2335 Testor
315 2299 478 2335 mane
491 2280 670 2337 Chaos
689 2281 843 2354 (quid
861 2283 1005 2337 enim
1020 2283 1109 2336 hic
1125 2283 1384 2336 iurandus
1404 2282 1604 2350 Apollo
1616 2281 1684 2351 5³),
1712 2295 1796 2336 100

102 2353 344 2408 Crimine
380 2373 491 2410 non
527 2357 642 2410 ullo
684 2359 852 2411 subeo
890 2376 1033 2411 nova
1070 2358 1206 2426 fata,
1243 2375 1344 2411 nec
1383 2357 1526 2410 alma

104 2425 194 2483 Sic
232 2428 406 2483 merui
444 2430 510 2483 de
548 2430 666 2484 luce
706 2432 847 2502 rapi3
889 2431 991 2484 scit
1028 2431 1219 2485 iudicis
1257 2450 1400 2485 urna

220 2608 276 2649 91
305 2617 360 2660 sq
329 2617 403 2662 q.q
436 2602 685 2650 Omnibus
709 2604 869 2650 finitor
889 2618 1045 2651 rerum
1068 2606 1264 2662 videris,
1296 2605 1413 2651 mihi
1436 2618 1547 2650 vero
1572 2607 1622 2650 et
1645 2606 1791 2650 sator'

108 2659 257 2708 Serv.
291 2662 353 2707 ad
383 2663 497 2708 Aen.
530 2663 597 2709 VI
627 2668 726 2710 289.

229 2828 284 2870 81
318 2826 489 2882 urguet
512 2829 586 2868 PB
617 2827 633 2882 ΙΙ
663 2831 718 2871 87
744 2825 1031 2884 interceptus
1065 2828 1191 2872 codd.
1223 2827 1321 2872 edd.
1353 2825 1650 2883 indecerptus
1677 2841 1793 2871 corr.

105 2881 330 2931 Barthius
351 2886 368 2942 ΙΙ
391 2889 446 2930 93
486 2897 568 2928 ora
602 2884 846 2932 Gevartius
867 2888 884 2943 ΙΙ
907 2892 962 2931 95
994 2886 1175 2944 proelia
1203 2890 1237 2928 P
1259 2887 1275 2943 Η
1298 2891 1353 2931 97
1386 2899 1444 2930 ne
1477 2890 1511 2928 P
1540 2899 1628 2930 nec
1660 2888 1797 2932 ceteri

1349 2962 1486 3007 14²².
