1988 3106
347 148 398 195 P.
431 149 661 195 PAPINII
693 149 894 195 STATII
926 149 1238 196 SILUARUM
1267 150 1318 196 L.
1350 150 1431 207 111,
1465 157 1502 195 1.
1738 150 1807 204 67

74 266 220 325 'uem
265 271 492 339 patrem.
559 267 795 323 Earinus
840 272 1138 338 praeterea,
1185 268 1493 324 Germanici
1537 272 1710 324 nostri
1748 271 1810 324 li-

68 342 103 399 ⁴2-
162 360 248 414 us,
294 342 398 397 scit
435 342 690 413 quamdiu
728 342 1051 396 desiderium
1093 343 1205 397 eius
1243 347 1484 397 moratus
1525 344 1649 408 sim,
1687 362 1810 397 cum

32 454 34 458 -
92 417 267 472 tisset
310 418 372 470 ut
416 415 639 485 capillos
680 433 830 481 suos,
878 434 1010 486 quos
1051 434 1172 470 cum
1212 420 1485 487 gemmata
1522 417 1716 487 pyxide
1755 421 1812 471 et

36 500 38 502 ’
108 490 259 545 eculo
308 487 374 543 ad
427 488 817 560 Pergamenum
871 489 1183 560 Asclepium
1237 490 1509 559 mittebat,
1563 491 1808 544 uersibus
1841 490 1898 531 2⁶

35 576 37 579 ·
79 564 351 618 ·’carem.
405 580 614 617 summa
644 566 727 617 est
756 563 966 635 egloga,
1005 581 1110 633 qua
1142 581 1350 617 mecum
1388 564 1631 619 secedere
1670 563 1810 618 Nea·

18 671 41 701 μ
93 638 206 694 lim
245 636 524 693 Claudiam
560 655 738 693 meam
777 637 1043 692 exhortor.
1103 637 1215 706 hic,
1262 638 1308 691 si
1347 655 1532 692 uerum
1571 638 1812 708 dicimu8‚

18 730 19 734 ¹
94 738 99 778 j
139 730 214 767 uo
262 715 366 782 est3
417 711 662 783 equidem
710 728 947 780 securus,
994 713 1056 764 ut
1101 728 1220 765 cum
1257 730 1421 766 uxore
1461 715 1517 765 et
1563 713 1653 782 qui
1693 729 1810 780 per-

19 782 35 796 *
85 785 258 842 adere
296 785 456 840 malit
493 804 655 857 quam
692 785 917 855 placere.
976 784 1100 838 huic
1136 786 1422 854 praecipue
1453 785 1636 838 libello
1670 785 1811 838 faue-

78 865 116 906 '2
133 902 148 931 ,
208 878 329 914 cum
384 859 522 914 scias
585 859 725 914 hanc
777 859 1192 913 destinationem
1247 859 1443 928 quietis
1498 876 1648 912 meae
1707 858 1810 911 tibi
1841 858 1900 900 30

22 991 23 995 ,
86 942 119 995 ἦ
143 933 286 1061 imel
313 932 589 1060 intendelre
627 949 818 1004 meque
864 950 974 987 non
1022 935 1135 986 tam
1173 933 1231 986 in
1269 933 1502 1002 patriam
1540 950 1701 1003 quam
1742 931 1810 985 ad

80 1047 88 1052 .,
133 1025 249 1061 sece
289 1023 389 1060 ere.
441 1023 512 1061 ua
534 1024 578 1062 e.

975 1110 1098 1119 ...-

898 1211 939 1265 Ι.

280 1326 599 1374 HERCULES
633 1326 1060 1373 SURRENTINUS
1093 1325 1293 1373 POLLII
1324 1323 1566 1371 FELICIS.

36 1408 355 1473 ’.ωτωίεεα
391 1417 493 1471 tibi
530 1420 771 1486 renouat,
813 1417 1112 1487 Tirynthie,
1151 1434 1304 1470 sacra

59 1492 242 1547 ollius
281 1494 336 1545 et
373 1508 562 1544 causas
602 1489 848 1560 designat
886 1491 1085 1544 desidis
1125 1491 1268 1558 anni,

41 1562 196 1631 Quod
235 1564 424 1619 coleris
463 1563 668 1617 maiore
707 1564 858 1618 tholo
896 1582 995 1619 nec
1033 1564 1194 1617 litora
1231 1580 1437 1632 pauper

39 1635 197 1695 Nuda
233 1641 384 1692 tenes
422 1639 726 1706 tectumque
765 1638 922 1707 uagis
961 1637 1257 1690 habitabile
1293 1637 1493 1705 nautis,

41 1703 144 1770 Sed
179 1708 378 1766 nitidos
416 1713 598 1780 postes
638 1709 900 1781 Graisque
940 1711 1124 1763 effulta
1162 1710 1397 1763 metallis
1874 1723 1903 1764 5

40 1782 302 1854 culmina,
341 1801 435 1838 ceu
472 1783 646 1838 taedis
684 1784 879 1837 iterum
916 1785 1174 1838 lustratus
1212 1783 1428 1836 honesti

38 1854 188 1997 gnis
228 1858 295 1911 ab
335 1856 536 1911 Oetaea
574 1858 944 1911 conscenderis
985 1857 1204 1911 aethera
1241 1856 1472 1910 flamma.

32 1935 35 1986 .’
93 1933 147 1985 ix
185 1931 350 1985 oculis
392 1930 678 2001 animoque
716 1931 861 1984 fides.
922 1933 1052 1983 tune
1090 1931 1182 1983 ille
1220 1931 1414 1983 reclusi

34 2000 264 2071 ¹himinis
303 2007 358 2057 et
392 2021 593 2073 paruae
631 2006 809 2057 custos
847 2004 1110 2074 inglorius
1150 2003 1310 2056 arae‘?

40 2081 76 2146 j!
91 2078 195 2131 nde
231 2077 366 2130 haec
403 2076 530 2129 aula
565 2093 749 2130 recens
786 2077 1073 2146 fulgorque
1111 2077 1363 2146 inopinus
1403 2077 1603 2146 agresti
1846 2090 1902 2130 10

34 2149 296 2207 Alcidae?
358 2152 487 2203 sunt
522 2149 638 2202 fata
675 2149 846 2217 deum,
885 2153 1010 2203 sunt
1046 2150 1163 2202 fata
1199 2150 1461 2203 locorum!

31 2229 74 2453 ἔ)
124 2225 283 2276 uelox
322 2222 523 2291 pietas!
586 2221 792 2275 steriles
829 2222 918 2276 hic
954 2241 1125 2295 nuper
1160 2223 1392 2275 harenas

34 2437 269 2528 sss'wrne
308 2444 435 2495 erat.
498 2459 760 2511 quaenam
800 2443 976 2495 subito
1016 2443 1235 2495 fortuna
1271 2444 1508 2512 rigentes
1847 2457 1902 2497 15

52 2659 67 2722 ,μ
106 2686 108 2691 ’
157 2679 213 2719 22
245 2673 428 2720 eatinus
460 2677 519 2718 A:
549 2673 720 2718 ier-inus
753 2678 781 2716 G
804 2676 820 2731 ΙΙ
843 2678 899 2718 23
933 2674 1009 2719 dei
1036 2678 1140 2730 post
1163 2673 1429 2719 Germanici
1458 2676 1655 2721 inseruit
1676 2675 1810 2721 Dom.

49 2756 63 2770 «-
115 2737 140 2778 ‘1
173 2732 266 2778 dici
295 2732 368 2777 uis
396 2733 664 2777 Bur-siamus

49 2805 54 2812 ·
155 2792 188 2836 Ι.
223 2795 250 2836 9
280 2791 475 2836 Liminis
506 2795 563 2835 A:
595 2790 803 2836 Luminis
828 2796 856 2833 c
879 2792 894 2848 ss
921 2796 973 2836 13
998 2791 1070 2835 Ad
1103 2805 1314 2848 sparsum
1345 2796 1388 2848 0,
1419 2794 1608 2839 correxi.
1640 2793 1811 2851 Asper-

109 2872 129 2887 ιι
171 2865 200 2894 a

1389 2926 1450 2967 5*
