1976 3094
677 154 1017 202 THEBAIDOS
1049 154 1158 202 LIB.
1190 154 1291 202 vn.
1725 156 1828 210 197

145 279 293 334 Inice
332 278 509 334 vincla
547 277 706 331 mihi:
748 278 933 347 gravis
972 277 1078 331 huc
1117 281 1404 347 utcumque
1443 276 1646 330 feretur

144 353 222 409 Et
258 354 428 423 pater.
496 350 583 405 Ad
622 354 863 405 vestrum
903 352 1137 421 gemitus
1176 369 1318 405 nunc
1356 354 1510 405 verto
1549 351 1833 422 pudorem,

144 425 456 496 Inachidae,
493 425 733 496 liquistis
774 425 916 478 enim
955 443 1260 495 parvosque
1301 442 1561 496 senesque
1742 438 1830 479 520

143 500 218 555 Et
253 499 505 555 lacrimas
544 499 644 553 has
684 499 909 570 quisque
950 498 1118 552 domi:
1158 517 1255 552 sua
1295 499 1493 553 credite
1532 499 1696 553 matri

142 574 390 630 Viscera!
447 571 505 628 Si
543 573 696 627 vobis
736 573 826 627 hic
863 591 1034 642 parvo
1073 573 1130 626 in
1169 576 1411 643 tempore
1451 591 1608 627 carus

169 647 356 719 Sitque
380 645 610 719 precor),
628 647 756 718 quid
773 665 874 716 me,
900 665 1010 715 oro,
1035 647 1223 700 decet?
1241 647 1436 717 quidve
1453 646 1577 716 ista,
1597 646 1831 717 Pelasgi,

193 722 358 776 bera?
401 722 468 776 ab
509 720 777 790 Hyrcanis
816 721 920 775 hoc
961 720 1253 791 Odrysisve
1293 722 1539 774 tulissem

140 795 405 868 Regibus,
445 798 500 849 et
540 796 586 849 si
625 795 717 865 qui
745 798 970 849 'nostros
1011 796 1186 849 vicere
1225 795 1451 849 furores.
1742 807 1828 848 525

141 869 402 940 Adnuite,
441 873 536 924 aut
573 873 763 923 natum
804 870 1082 938 complexa
1122 870 1413 939 superstite
1453 868 1597 922 bello

139 943 244 998 Hic
282 940 516 998 moriar?
595 942 854 997 Tumidas
894 943 1222 1015 frangebant
1262 943 1405 997 diota
1445 942 1715 1011 cohorteS,

138 1016 514 1087 Nutantesque
553 1018 729 1071 virum
770 1018 955 1088 galeas
996 1022 1050 1069 et
1090 1035 1279 1086 sparsa
1317 1017 1528 1070 videres

138 1090 381 1147 Fletibus
422 1110 573 1145 arma
610 1091 728 1161 piis
808 1090 1008 1154 Quales
1047 1091 1140 1144 ubi
1179 1091 1291 1144 tela
1329 1091 1579 1159 virosque

138 1165 380 1220 Pectoris
418 1165 656 1235 impulsu
692 1165 869 1219 rabidi
909 1167 1149 1218 stravere
1187 1164 1397 1234 leoneS,
1741 1177 1828 1218 530

140 1239 392 1294 Protinus
431 1239 514 1296 ira
551 1239 752 1308 minor,
792 1240 1134 1310 gaudentque
1174 1239 1229 1291 in
1271 1256 1495 1307 corpore
1536 1241 1695 1307 capto

141 1312 397 1368 Securam
439 1312 650 1366 differre
689 1312 910 1366 famem:
952 1313 1028 1366 sic
1067 1313 1205 1365 flexa
1242 1311 1533 1381 Pelasgum

142 1386 319 1442 Corda
355 1387 567 1452 labant,
606 1386 842 1456 ferrique
882 1386 1069 1440 avidus
1108 1390 1485 1440 mansueverat
1523 1385 1696 1439 ardor.

213 1460 339 1531 Ipse
372 1461 538 1514 etiam
571 1463 696 1514 ante
730 1477 915 1513 omnes
947 1478 1090 1514 nunc
1114 1460 1306 1513 matris
1333 1460 1400 1513 ad
1425 1461 1608 1513 oscula
1631 1477 1833 1528 versus,

140 1534 299 1590 Nunc
337 1534 484 1588 rudis
523 1533 786 1603 IsmeneS,
824 1552 967 1587 nunc
1007 1534 1275 1587 flebiliora
1313 1534 1587 1603 precantis
1747 1546 1833 1586 535

141 1609 446 1680 Antigones
487 1606 766 1679 (variaque
807 1608 1045 1661 animum
1085 1609 1342 1661 turbante
1381 1608 1621 1678 procella

140 1682 430 1736 Exciderat
467 1681 746 1752 regnum),
789 1683 938 1751 cupit
975 1682 1074 1751 ire,
1115 1685 1170 1735 et
1208 1683 1358 1734 mitis
1398 1682 1668 1735 Adrastus

71 1781 74 1785 ·
139 1754 265 1810 Non
303 1759 476 1824 vetat3
514 1755 603 1809 hic
641 1757 816 1809 iustae
857 1755 1074 1825 Tydeus
1114 1774 1321 1809 memor
1358 1759 1588 1826 occupat
1625 1756 1761 1808 irae:

141 1829 248 1883 ‘Me
286 1830 488 1898 potius,
527 1829 682 1899 socii,
722 1830 815 1899 qui
854 1830 1022 1882 fidum
1060 1829 1318 1884 Eteoclea
1356 1847 1528 1899 nuper

139 1902 412 1972 Expertus
453 1901 573 1973 (nec
611 1903 782 1956 frater
821 1902 1015 1973 eram),
1055 1922 1141 1957 me
1182 1904 1440 1973 opponite
1478 1905 1618 1974 regi,
1744 1916 1830 1957 540

141 1975 305 2031 Cuius
346 1976 527 2030 adhuc
557 1994 744 2045 pacem
784 1978 1059 2046 egregiam
1100 1980 1155 2030 et
1193 1978 1339 2030 bona
1375 1977 1593 2031 foedera
1633 1980 1788 2047 gesto

140 2049 366 2104 Pectore
404 2051 462 2103 in
500 2049 617 2103 hoc.
694 2049 806 2104 Ubi
843 2054 974 2103 tunc
1011 2051 1135 2103 fidei
1174 2051 1429 2120 pacisque
1469 2055 1751 2121 sequestra

138 2123 317 2178 Mater
356 2142 473 2177 eras
483 2165 497 2193 ,
535 2124 775 2192 pulchris
815 2142 937 2177 cum
976 2142 1061 2176 me
1099 2142 1207 2177 nox
1245 2128 1428 2177 vestra
1467 2127 1679 2178 morata
1719 2128 1803 2177 est

139 2197 450 2267 Hospitiis?
488 2215 680 2266 nempe
719 2197 854 2250 haec
892 2198 1066 2250 trahis
1107 2198 1174 2251 ad
1214 2198 1537 2251 commercia
1575 2196 1802 2251 natum?

141 2272 258 2325 Duc
288 2272 446 2324 illum
477 2271 534 2324 in
566 2289 838 2341 campum,
871 2275 1053 2325 vestro
1086 2272 1178 2341 qui
1211 2273 1474 2341 sanguine
1497 2272 1719 2342 pinguis
1745 2283 1831 2324 545

140 2344 324 2415 Spirat
364 2344 537 2399 adhuc
575 2345 902 2430 pinguisque
938 2363 1074 2399 meo.
1151 2345 1233 2398 Tu
1272 2364 1435 2415 porro
1477 2347 1739 2415 sequeriS,

137 2419 259 2472 Heu
299 2419 523 2472 nimium
563 2419 733 2488 mitis,
772 2420 1104 2504 nimiumque
1144 2420 1313 2473 oblite
1351 2420 1608 2473 tuorum?

140 2491 359 2547 Scilicet
396 2492 626 2546 infestae
667 2511 786 2546 cum
825 2496 878 2547 te
918 2494 1116 2547 circum
1156 2494 1391 2564 undique
1432 2494 1654 2547 dextrae

258 2642 343 2683 522
376 2636 440 2682 sit
462 2643 494 2680 Ρ
521 2639 528 2693 Ι
554 2637 643 2682 hoc
674 2651 821 2694 parvo
845 2642 879 2681 B
904 2639 1029 2683 Dan.
1056 2642 1071 2695 ΙΙ
1096 2643 1183 2682 524
1216 2638 1475 2695 Odrysiisve
1499 2643 1532 2681 P
1565 2638 1832 2682 othrisiisve

138 2700 175 2740 G
205 2696 422 2755 odrysisq
422 2711 480 2741 ue
510 2697 704 2741 Bo²su
737 2697 980 2754 otrysiisq3
1014 2713 1045 2752 g
1077 2697 1346 2752 otrisiisque
1379 2702 1493 2740 cTH
1524 2697 1657 2742 Leid
1693 2699 1707 2753 ΙΙ
1743 2702 1830 2741 530

136 2755 292 2801 rabidi
321 2758 495 2800 PG²o1⁸
525 2756 679 2812 rapidi
709 2761 835 2799 Bsu
857 2759 872 2813 ΙΙ
896 2762 984 2802 534
1015 2758 1125 2800 ante
1158 2756 1317 2801 oculos
1348 2757 1450 2799 BG²
1459 2760 1656 2810 pGHTc
1686 2757 1829 2801 Remi.

137 2814 262 2860 Dan.
301 2817 318 2873 ΙΙ
357 2821 442 2862 535
491 2815 646 2859 crudis
685 2820 718 2858 P
756 2817 772 2872 11
810 2821 894 2861 536
919 2830 981 2874 sq
1031 2818 1456 2873 Interpmwtionem
1504 2817 1683 2860 correxi
1705 2818 1720 2872 ΙΙ
1744 2819 1829 2859 542

143 2873 362 2932 pactique
392 2876 703 2920 Baehrensius
