1976 3126
700 150 1040 198 THEBAIDOS
1071 150 1181 197 LIB.
1213 149 1269 197 X.
1724 152 1829 206 291

141 270 298 328 Vitta
322 272 490 328 comis
516 271 666 342 (nam
683 273 868 327 laurus
886 272 1050 343 erat);
1074 277 1256 327 tamen
1274 290 1466 344 aspera
1481 273 1718 343 produnt
1743 289 1829 328 645

141 345 251 402 Ora
289 346 446 402 deam
483 346 743 416 nimiique
782 347 994 418 gradus,
1073 346 1160 403 Sic
1198 346 1374 418 Lydia
1411 347 1643 402 coniunx

88 467 89 470 ,
139 420 672 491 Amphitryoniaden
711 424 931 476 exutum
969 422 1250 477 horrentia
1288 425 1446 493 terga

139 493 370 550 Perdere
411 492 662 549 Sidonios
701 496 901 549 umeris
941 495 1154 550 ridebat
1192 496 1420 550 amictus

136 568 213 624 Et
249 568 472 623 turbare
512 569 660 623 colus
701 572 756 623 et
793 572 1057 640 tympana
1095 588 1344 640 rumpere
1384 569 1586 624 dextra.

214 640 319 697 Sed
349 659 523 713 neque
555 646 610 696 te
642 642 945 698 indecorem
979 644 1144 698 sacris
1176 644 1507 714 dignumque
1538 643 1711 697 iuberi
1744 657 1831 697 650

139 715 298 771 Talia
333 715 564 771 Dircaea
602 719 837 771 stantem
875 736 975 787 pro
1015 721 1188 788 turre,
1226 718 1540 787 Menoeceu,

136 789 373 860 Invenit3
411 791 707 846 immensae
745 795 985 849 reserato
1025 792 1214 846 limine
1254 795 1443 862 portae
1501 807 1510 815 ·

139 862 428 919 Sternebas
467 863 713 935 Danaos,
750 866 955 935 pariter
994 865 1298 920 Mavortius
1336 864 1604 919 Haemon.

140 936 245 993 Sed
283 939 671 1010 consanguinei
711 940 957 1010 quamvis
997 944 1159 1011 atque
1200 940 1384 995 omnia
1421 939 1643 1010 fratreS,

136 1011 219 1066 Tu
255 1012 428 1082 prior:
467 1013 740 1067 exanimes
780 1015 980 1068 circum
1020 1015 1362 1069 cumulantur
1401 1014 1604 1080 acervi3
1745 1028 1831 1068 655

137 1084 308 1141 Omne
348 1085 499 1141 sedet
535 1087 729 1157 telum,
768 1087 904 1141 nulli
943 1088 1060 1141 sine
1100 1088 1353 1142 caedibus
1390 1087 1530 1141 ictus

136 1157 405 1233 (Necdum
429 1160 618 1215 aderat
639 1159 873 1234 Virtus),
905 1181 1015 1217 non
1040 1180 1208 1231 mens,
1239 1180 1350 1216 non
1372 1161 1561 1215 dextra
1585 1162 1832 1231 quiescit,

134 1233 262 1289 Non
302 1234 460 1294 avida
498 1253 650 1289 arma
687 1239 904 1306 vacant,
942 1237 1061 1306 ipsa
1099 1237 1339 1290 insanire
1378 1234 1593 1289 videtur

137 1305 345 1378 Sphinx
384 1308 573 1379 galeae
612 1312 819 1379 custm,
857 1310 1084 1380 visoque
1125 1311 1365 1364 animata
1403 1326 1592 1363 eruore

134 1381 352 1437 Emicat
391 1382 601 1453 effigies
642 1386 697 1436 et
736 1402 924 1453 sparsa
963 1383 1232 1438 orichalca
1270 1383 1542 1437 renident:
1743 1397 1832 1438 660

136 1453 272 1510 Cum
311 1455 411 1509 dea
447 1457 743 1527 pugnantis
784 1458 1035 1527 capulum
1074 1457 1426 1527 dextramque
1466 1457 1747 1526 repressit:

137 1528 513 1601 ‘Magnanimo
553 1536 584 1584 6
616 1530 851 1601 iuvenis,
892 1550 997 1601 quo
1036 1550 1147 1585 non
1185 1530 1470 1602 agnoverit
1509 1530 1680 1584 ullum

136 1601 346 1658 Certius
385 1603 640 1659 armifero
680 1602 871 1659 Cadmi
910 1605 975 1659 de
1015 1605 1218 1659 semine
1258 1606 1502 1673 Mavors,

39 1687 46 1743 ᾗ
66 1710 73 1750 J
134 1676 340 1748 Linque
385 1676 620 1733 humiles
659 1697 896 1750 pugnaS,
946 1697 1058 1733 non
1094 1679 1229 1733 haec
1267 1679 1371 1732 tibi
1410 1678 1593 1731 debita
1632 1678 1826 1733 virtus:

136 1750 308 1805 Astra
329 1755 542 1822 vocant,
560 1753 813 1823 caeloque
839 1753 1091 1823 animam,
1107 1754 1229 1822 plus
1247 1753 1483 1822 concipe,
1500 1753 1701 1807 mittes,
1741 1767 1827 1808 665

44 1820 85 1897 ἶ
134 1823 456 1879 Iamdudum
492 1825 598 1880 hoc
635 1826 838 1880 hilares
879 1828 1095 1898 genitor
1134 1827 1428 1881 bacchatur
1468 1826 1537 1880 ad
1578 1845 1700 1881 aras
1710 1869 1726 1896 ,

135 1898 255 1952 Hoc
293 1898 450 1968 ignes
488 1899 763 1970 fibraeque
799 1902 1014 1970 volunt,
1052 1901 1154 1955 hoc
1193 1905 1353 1973 urget
1390 1900 1618 1971 Apollo:
1758 1898 1765 1902 ’

136 1972 489 2043 Terrigenam
528 1977 719 2028 cuncto
758 1974 967 2043 patriae
1005 1993 1106 2045 pro
1146 1978 1408 2047 sanguine
1445 1978 1689 2044 poscunt.

40 2074 69 2115 *c
135 2045 308 2100 Fama
352 2046 500 2100 canit
538 2047 803 2117 monituS‚
841 2047 1043 2118 gaudet
1082 2046 1339 2103 Cadmeia
1378 2049 1565 2118 plebes

137 2119 300 2175 Certa
338 2119 442 2190 tui3
479 2138 610 2191 rape
649 2124 828 2174 mente
868 2122 1019 2191 deos,
1056 2140 1186 2191 rape
1224 2122 1410 2177 nobile
1448 2122 1638 2175 fatum.
1739 2137 1825 2177 670

135 2193 184 2264 1,
221 2211 435 2264 precor,
474 2195 738 2263 accelera,
776 2214 844 2249 ne
882 2214 1159 2265 proximus
1199 2199 1423 2265 occupet
1459 2194 1742 2250 Haemon?

33 2259 51 2307 ³2·
137 2266 224 2322 Sic
263 2267 360 2336 ait,
400 2270 456 2321 et
493 2286 692 2340 magna
731 2269 1034 2323 cunctantis
1072 2274 1298 2340 pectora
1335 2270 1526 2323 dextra

136 2341 431 2396 Permulsit
466 2343 630 2397 tacite
670 2361 891 2414 seseque
930 2344 988 2397 in
1026 2343 1182 2397 corde
1222 2345 1459 2413 reliquit.

255 2490 342 2532 646
372 2485 636 2543 nimiosque
659 2492 692 2530 P
717 2502 793 2546 pr.
824 2503 900 2545 m.,
931 2490 991 2534 al.
1015 2503 1129 2536 corr.
1154 2491 1171 2547 ΙΙ
1194 2494 1280 2534 648
1311 2489 1568 2534 redimibat
1589 2495 1622 2533 P
1653 2491 1826 2547 gaude-

135 2545 220 2591 bat
248 2560 276 2601 p
297 2547 322 2604 n·
339 2549 424 2592 651
457 2545 647 2591 dirchae
677 2551 711 2590 P
738 2549 744 2605 Ι
770 2561 1072 2593 menoeceum
1102 2553 1135 2592 P
1174 2553 1507 2603 menoecaeum
1537 2553 1570 2592 B
1595 2550 1610 2606 ΙΙ
1636 2554 1720 2594 652
1755 2549 1826 2592 In-

136 2629 286 2691 venit,
341 2647 569 2693 suprascr.
618 2650 653 2680 s.
699 2636 847 2681 virtus
893 2641 926 2680 P
953 2640 959 2695 Ι
986 2621 1248 2683 inmensax‘ii
1294 2643 1328 2681 P
1364 2640 1380 2695 ΙΙ
1418 2642 1505 2682 653
1560 2637 1825 2693 Sternebas,

135 2705 364 2752 {morasca
405 2707 432 2739 o
466 2707 689 2739 meneceu
719 2700 752 2739 1²
774 2698 790 2752 fl
814 2700 900 2742 656
933 2695 1040 2758 sins]
1066 2702 1099 2740 P
1122 2700 1138 2755 η
1162 2701 1247 2743 665
1279 2696 1430 2742 mittis
1461 2700 1536 2739 ΡΒ
1589 2698 1685 2742 ead.
1719 2712 1776 2742 m.
1808 2697 1827 2741 i

135 2752 190 2798 in
219 2765 245 2798 6
274 2754 402 2810 mut.)
426 2755 441 2811 u
466 2758 550 2800 667
591 2753 708 2799 haec
739 2757 909 2812 urguet
938 2756 1119 2813 apollos
1150 2762 1183 2800 P
1206 2759 1222 2814 ΙΙ
1247 2761 1331 2802 668
1365 2755 1524 2800 cuncti
1600 2757 1780 2802 arthius
1810 2757 1825 2815 ΙΙ

139 2815 224 2857 668
255 2826 317 2871 sq.
350 2814 552 2870 poscunt
582 2812 722 2870 Fata,
755 2817 928 2861 canunt
960 2830 998 2861 π
1028 2817 1267 2862 Bentleius
1295 2819 1301 2873 Ι
1330 2815 1473 2860 audet
1502 2819 1535 2857 P
1557 2817 1573 2873 ΙΙ
1597 2820 1684 2861 670
1718 2814 1826 2861 Cer-

78 2894 82 2896 -
137 2869 275 2915 tatim
305 2873 484 2928 211672
518 2886 690 2930 magno
722 2878 755 2916 P

1383 2949 1471 2993 19*
