1976 3094
172 144 245 197 74
321 129 324 133 ’
753 143 801 188 Ρ.
832 141 1064 187 PAPINH
1095 140 1287 187 srArn

242 265 399 320 Mons
440 267 556 319 erat
594 264 784 317 audaci
822 264 1071 317 seductus
1110 264 1168 317 in
1207 264 1427 318 aethera
1465 263 1623 318 dorso
1767 278 1855 320 460

171 339 428 410 (Nomine
467 338 694 392 Lernaei
733 341 1038 391 memorant
1077 337 1355 407 Apesanta
1394 336 1610 409 coloni),

170 414 435 468 Gentibus
474 412 745 482 Argolicis
787 413 916 465 olim
957 430 1129 481 sacer3
1169 412 1290 466 inde
1329 411 1576 466 ferebant

168 488 375 542 Nubila
415 505 673 556 suspenso
715 487 942 539 celerem
981 489 1275 540 temerasse
1314 486 1502 540 volatu

169 563 393 630 Persea,
433 580 552 614 cum
593 563 779 629 raptos
818 561 974 629 pueri
1010 560 1300 629 perterrita
1341 563 1516 613 mater

169 636 457 705 Prospexit
495 635 559 688 de
598 653 728 704 rupe
768 634 964 705 gradus
1006 653 1068 688 ac
1105 653 1276 704 paene
1316 638 1500 688 secuta
1541 636 1634 688 est.
1771 647 1857 689 465

171 710 292 763 Huc
332 710 533 780 gemini
571 712 723 762 vates
764 712 1006 762 sanctam
1046 708 1288 762 canentis
1330 709 1505 762 olivae

168 783 380 837 Fronde
421 802 630 837 comam
671 786 725 836 et
762 784 932 836 niveis
974 783 1152 836 ornati
1190 786 1436 851 tempora
1473 783 1625 836 vittis

168 858 422 911 Evadunt
459 859 682 927 pariter,
721 857 964 910 madidos
1004 857 1099 910 ubi
1135 856 1344 909 lucidus
1385 874 1544 927 agros

171 932 336 985 Ortus
378 936 432 985 et
473 932 717 1002 algentes
758 932 963 985 laxavit
1003 932 1114 984 sole
1152 930 1391 1001 pruinas,

169 1006 250 1059 Ac
288 1006 436 1076 prior
475 1005 716 1059 Oeclides
758 1006 919 1058 solita
957 1023 1114 1075 prece
1151 1023 1352 1057 numen
1392 1005 1607 1058 amicat:
1767 1018 1856 1060 470

169 1080 431 1149 ‘Iuppiter
472 1080 812 1148 omnipotens
856 1077 1004 1149 (nam
1043 1082 1099 1133 te
1138 1079 1443 1148 pernicibus
1488 1079 1590 1132 alis

170 1153 382 1207 Addere
423 1154 706 1207 consilium
746 1154 1094 1223 volucresque
1134 1154 1362 1222 implere
1401 1153 1568 1206 futuri

172 1227 473 1298 Ominaque
515 1232 569 1282 et
608 1247 796 1281 causas
839 1228 986 1281 caelo
1028 1227 1231 1280 deferre
1270 1228 1502 1280 latentes

168 1300 519 1373 Accipimus),
557 1320 667 1355 non
706 1300 900 1355 Cirrha
939 1302 1098 1355 deum
1137 1301 1447 1370 promiserit
1487 1304 1640 1355 antro

170 1374 405 1445 Certim,
446 1380 539 1429 aut
577 1376 793 1429 frondes
832 1376 967 1429 lucis
1009 1394 1140 1445 quas
1180 1375 1326 1428 fama
1365 1375 1616 1429 Molossis
1771 1389 1858 1429 475

173 1448 446 1503 Chaonias
489 1451 734 1503 sonuisse
774 1450 899 1519 tibi,
938 1450 1065 1503 licet
1105 1449 1285 1502 aridus
1317 1448 1592 1503 Hammon

169 1524 416 1577 Invideat
454 1524 750 1595 Lyciaeque
791 1527 985 1593 parent
1024 1523 1346 1577 contendere
1386 1527 1559 1578 sortes

167 1595 545 1668 Niliacumque
585 1618 747 1668 pecus
787 1599 1072 1667 patrioque
1114 1600 1374 1666 aequatus
1413 1598 1606 1651 honori

170 1672 476 1741 Branchus,
517 1677 571 1724 et
609 1673 847 1725 undosae
888 1690 1047 1741 quem
1086 1672 1320 1724 rusticus
1361 1673 1544 1725 accola
1583 1671 1738 1725 Pisae

168 1745 321 1799 Pana
357 1745 629 1814 Lycaonia
665 1749 991 1799 nocturnum
1031 1745 1248 1798 exaudit
1287 1745 1344 1797 in
1382 1746 1592 1799 umbra:
1772 1760 1860 1801 480

170 1817 352 1873 Ditior
388 1820 483 1873 ille
523 1821 712 1889 animi,
753 1820 836 1874 cui
875 1824 958 1888 tu,
997 1819 1245 1886 Dictaee,
1286 1820 1545 1872 secundas

170 1893 457 1962 Impuleris
497 1895 813 1947 manifestus
854 1913 992 1947 aves.
1069 1893 1270 1946 Mirum
1309 1894 1472 1962 unde,
1512 1894 1604 1947 sed
1647 1895 1776 1948 olim

169 1966 275 2020 Hic
313 1967 489 2021 honor
528 1969 772 2038 alitibus,
813 1987 1036 2036 superae
1077 1985 1170 2020 seu
1211 1967 1456 2020 conditur
1495 1969 1649 2021 aulae

170 2039 257 2095 Sic
296 2042 442 2094 dedit
481 2041 706 2095 effusum
747 2042 910 2095 chaos
951 2042 1007 2094 in
1045 2060 1188 2095 nova
1228 2041 1434 2094 semina
1472 2044 1682 2112 texenS‚

287 2221 387 2262 471.
425 2218 654 2275 ‘Iuppiter
684 2246 740 2251 —
774 2219 882 2263 alis’
917 2219 1195 2278 Mythogr.
1228 2221 1293 2264 III
1328 2224 1397 2275 11,
1432 2224 1487 2264 14
1517 2235 1561 2276 p.
1597 2224 1681 2264 237
1713 2219 1765 2263 B.
1802 2245 1858 2252 —

169 2280 255 2321 478
275 2291 338 2332 sq.
368 2276 626 2334 ‘patrisque
644 2305 699 2311 —
717 2278 977 2324 Branchus'
1005 2280 1181 2324 schol.
1209 2280 1353 2325 Theb.
1380 2279 1488 2324 VIII
1516 2284 1598 2324 198
1624 2294 1668 2335 p.
1696 2283 1780 2323 282
1806 2278 1856 2323 L.

288 2459 375 2499 460
415 2454 670 2498 subductus
710 2456 936 2501 Heinsius
964 2459 980 2513 ΙΙ
1010 2462 1094 2502 461
1129 2457 1389 2514 aphesanta
1420 2461 1494 2501 ΡΒ
1528 2456 1790 2514 aphasanta
1823 2461 1858 2499 G

172 2512 425 2571 aphisanta
462 2518 504 2556 Η
543 2512 783 2569 Apesanta
821 2530 921 2560 cum
962 2516 1187 2561 Muellero
1224 2518 1389 2574 scripsi
1427 2518 1522 2562 coll.
1568 2517 1693 2560 Plin.
1735 2530 1779 2560 u.
1813 2516 1855 2562 h.

170 2573 258 2616 IV
286 2578 343 2618 17
380 2572 519 2617 Pau-s.
554 2573 622 2616 II
650 2577 721 2629 15,
757 2577 784 2618 3
819 2575 1143 2620 Pseudo-Plut.
1178 2577 1232 2621 cle
1261 2577 1367 2632 fluv.
1399 2579 1482 2630 18,
1514 2578 1691 2632 911466
1724 2574 1858 2619 Hunc

169 2636 244 2675 PT
282 2632 383 2676 Hoc
414 2637 439 2674 S
471 2633 486 2689 ΙΙ
516 2637 600 2676 473
643 2632 902 2689 Omniaque
942 2638 1015 2676 ΡΤ
1051 2636 1056 2688 1
1092 2648 1225 2679 casus
1263 2635 1570 2680 Baehrensius
1600 2635 1616 2690 ΙΙ
1646 2639 1734 2678 474
1772 2647 1859 2678 nec

173 2692 427 2736 Muellerus
457 2694 721 2747 parenthesi
757 2707 896 2749 usque
934 2694 996 2737 ad
1033 2692 1123 2736 tibi
1171 2696 1229 2749 (v.
1264 2695 1369 2750 476)
1414 2695 1684 2738 continuata
1721 2695 1737 2750 ss
1771 2698 1858 2738 476

171 2749 378 2795 Chaonio
402 2756 434 2793 P
458 2752 473 2808 fl
497 2755 581 2796 478
608 2750 816 2807 aequalis
841 2753 967 2796 codol.
994 2754 1220 2808 aequatus
1245 2754 1377 2798 schol.
1408 2753 1541 2797 Theb.
1578 2752 1718 2796 VIII
1738 2756 1829 2797 198
1845 2752 1860 2811 Η

171 2814 257 2853 479
299 2809 378 2866 qui
418 2811 542 2855 codd.
586 2824 725 2866 quem
763 2825 874 2855 corr.
920 2812 1172 2856 Muellerus
1209 2814 1224 2869 ss
1263 2816 1349 2856 480
1388 2810 1631 2867 lycaoniae
1675 2815 1707 2852 P
1731 2813 1744 2869 ΙΙ
1770 2816 1856 2855 481

172 2867 351 2912 Certior
385 2870 708 2914 Lachmauuus
731 2872 745 2928 ΙΙ
770 2874 856 2914 484
889 2869 1087 2914 offusum
1117 2876 1150 2913 P
