1988 3106
691 141 999 187 SILUARUM
1029 142 1081 187 L.
1112 141 1170 196 V,
1200 146 1242 186 4.
1742 142 1846 197 153

42 265 52 276 ⁰
84 259 261 331 Scipio
300 260 376 315 sic
413 260 598 330 plenos
637 259 792 314 Latio
832 259 961 314 Ioue
999 261 1187 314 ducere
1227 278 1445 314 somnos

39 330 47 350 ⁸
85 331 329 388 Creditus
367 332 625 388 Ausoniis
665 337 720 388 et
756 351 867 387 non
907 335 1021 387 sine
1061 333 1312 407 Apolline
1351 332 1516 387 Sulla.

153 579 208 628 ff
435 619 439 622 ‚
915 551 1009 606 IV.

842 681 1102 728 SOMNUS.

86 800 320 856 Crimine
359 818 463 872 quo
502 800 686 869 merui,
724 801 933 854 iuuenis
972 801 1331 871 placidissime
1371 801 1571 871 diuum,

86 875 269 940 Quoue
309 892 486 928 errore
525 874 701 944 miser,
740 874 895 928 donis
934 878 996 928 ut
1035 876 1179 928 solus
1219 892 1446 945 egerem,

86 946 295 1019 Somne,
331 947 476 1001 tuis?
512 949 659 1001 tacet
696 965 852 1001 omne
891 965 1052 1018 pecus
1091 949 1439 1019 uolucresque
1479 949 1725 1019 feraeque

84 1021 159 1077 Et
197 1021 454 1076 simulant
487 1020 660 1075 fessos
699 1024 920 1074 curuata
958 1022 1235 1075 cacumina
1265 1040 1499 1092 somnos,

85 1094 198 1151 Nec
235 1094 483 1149 trucibus·
513 1094 692 1148 fluuiis
731 1094 872 1147 idem
913 1113 1100 1164 sonus3
1141 1095 1334 1149 occidit
1371 1095 1561 1149 horror
1826 1110 1852 1149 5

85 1169 368 1240 AequoriS,
405 1171 459 1221 et
495 1168 653 1221 terris
692 1169 863 1221 maria
902 1169 1166 1222 acclinata
1204 1169 1499 1239 quiescunt.

88 1241 325 1313 Septima
361 1242 472 1295 iam
510 1241 719 1294 rediens
759 1241 973 1294 Phoebe
1014 1242 1145 1294 mihi
1183 1242 1402 1311 respicit
1441 1259 1629 1312 aegras

89 1313 241 1371 Stare
280 1332 471 1386 genas3
508 1314 736 1368 totidem
774 1314 1003 1368 Oetaeae
1042 1314 1382 1385 Paphiaeque
1420 1316 1664 1368 renident

89 1387 386 1459 Lampades
425 1390 480 1442 et
515 1388 717 1442 totiens
756 1391 973 1441 nostros
1014 1388 1268 1441 Tithonia
1307 1392 1525 1458 questus

34 1493 35 1511 η
88 1461 351 1516 Praeterit
389 1464 444 1515 et
481 1462 657 1532 gelido
696 1462 870 1530 parcit
907 1462 1161 1515 miserata
1199 1462 1429 1532 flagello,
1734 1487 1741 1495 ·
1800 1476 1854 1515 10

89 1535 242 1590 Unde
281 1552 380 1606 ego
421 1534 720 1588 sufficiam?
758 1553 869 1588 non
909 1538 1037 1587 sunt
1075 1535 1207 1587 mihi
1245 1536 1450 1588 lumina
1488 1535 1647 1600 mille,

33 1606 35 1640 ³
91 1609 238 1673 Quae
277 1626 426 1663 sacer
462 1608 671 1662 alterna
706 1610 920 1661 tantum
960 1608 1192 1661 statione
1230 1609 1452 1662 tenebat

93 1683 270 1753 Argus
309 1685 363 1736 et
397 1682 543 1736 haud
579 1700 831 1751 umquam
870 1682 1134 1752 uigilabat
1164 1699 1383 1751 corpore
1422 1685 1554 1736 toto,

32 1759 36 1769 '
93 1756 168 1809 At
204 1774 347 1809 nunc
382 1755 495 1809 fors
534 1755 727 1825 aliquis
766 1755 930 1825 longa
968 1755 1067 1808 sub
1098 1758 1254 1808 nocte
1293 1756 1502 1824 puellae

33 1835 36 1852 '
93 1828 324 1882 Brachia
358 1846 498 1882 nexa
532 1831 724 1882 tenens
763 1829 906 1881 ultro
944 1831 1013 1896 te,
1054 1826 1266 1898 Somne,
1304 1829 1532 1897 repellit.
1801 1842 1855 1882 15

93 1902 226 1955 Inde
262 1901 390 1955 ueni
426 1919 524 1955 nec
560 1904 616 1954 te
645 1903 791 1955 totas
822 1902 1103 1954 infundere
1141 1920 1347 1971 pennas

33 2039 35 2042 ⁴
94 1974 413 2028 Luminibus
451 1975 711 2044 compello
750 1975 882 2027 meis
922 1973 1045 2043 (hoc
1082 1975 1244 2027 turba
1281 1978 1527 2043 precetur

96 2046 357 2118 Laetior):
395 2050 631 2124 egtremo
669 2065 754 2100 me
790 2051 954 2117 tange
993 2048 1265 2101 cacumine
1303 2048 1489 2117 uirgae
1574 2054 1577 2055 ’

98 2119 356 2192 (Sufficit)
395 2123 490 2174 aut
524 2120 718 2173 leuiter
757 2138 1016 2189 suspenso
1054 2121 1257 2189 poplite
1293 2121 1483 2173 transi.

214 2431 301 2474 293
333 2426 534 2472 creditur
565 2429 594 2468 0
625 2440 666 2481 a,
696 2438 808 2470 corr.
841 2424 1064 2469 Heinsius
1089 2427 1096 2481 Ι
1122 2438 1208 2469 nec
1235 2439 1330 2469 non
1362 2429 1390 2467 c
1422 2440 1450 2468 a

215 2487 294 2532 IV.
334 2485 530 2530 Somnus
567 2487 606 2527 A
645 2488 696 2527 c:
732 2484 807 2528 Ad
838 2483 1058 2528 Somnum
1089 2498 1116 2526 a
1137 2485 1153 2541 ss
1177 2489 1203 2528 8
1241 2483 1454 2528 renident
1490 2484 1655 2540 scripsi
1694 2484 1722 2528 1.
1755 2485 1783 2528 l.
1810 2498 1858 2540 p.

98 2550 217 2594 263:
253 2543 458 2591 reuisent
493 2549 531 2587 A
570 2547 599 2584 Ο
637 2542 848 2587 reuisunt
883 2543 980 2587 edd.
1012 2544 1029 2600 ΙΙ
1060 2547 1116 2586 10
1153 2542 1306 2599 parcit
1344 2542 1645 2587 Schraderus:
1684 2542 1864 2599 spargit

99 2609 130 2648 ο
158 2620 188 2650 a
221 2602 377 2662 tangit
415 2604 588 2648 Mam-kz.
625 2603 632 2656 Ι
657 2602 882 2657 proposui
919 2602 948 2645 l.
988 2602 1016 2648 l.
1055 2601 1171 2645 mihi
1210 2614 1312 2646 sera
1348 2602 1422 2645 uel
1459 2600 1574 2644 mihi
1604 2614 1744 2645 saeua
1765 2602 1782 2658 ΙΙ
1806 2606 1857 2645 11

32 2677 35 2691 ’ν
100 2665 208 2709 sunt
242 2663 406 2720 scripsi
444 2664 471 2707 l.
505 2663 557 2707 l..·
597 2660 636 2704 si
669 2664 697 2702 0
729 2675 756 2702 a
777 2661 793 2717 ΙΙ
819 2664 869 2704 12
905 2659 1031 2712 Quae
1062 2659 1194 2705 uafer
1223 2660 1446 2704 Heinsius
1468 2661 1484 2715 ΙΙ
1508 2664 1564 2702 14
1594 2659 1655 2703 Et
1687 2659 1860 2704 Markl.

32 2728 35 2772 ἑ
103 2722 110 2781 Ι
144 2721 236 2767 fors
264 2722 404 2767 idm.-
433 2722 547 2766 heus
579 2725 607 2762 0
639 2736 667 2763 a
696 2719 788 2763 heu
820 2723 849 2763 ς
873 2720 888 2775 ΙΙ
913 2724 966 2763 17
997 2720 1214 2775 precatur
1245 2722 1274 2760 0
1306 2733 1346 2773 a,
1378 2731 1492 2763 corr.
1519 2722 1548 2761 ς
1571 2719 1587 2774 ΙΙ
1613 2722 1665 2761 19
1697 2717 1864 2763 leuiter

99 2783 138 2824 Δ
167 2784 219 2825 02
249 2780 398 2826 leuior
421 2783 450 2824 ς
