1956 3086
495 668 571 740 P.
607 668 977 739 PAPINII
1014 668 1321 739 STATII

316 813 374 898 S
458 815 502 897 1
584 814 651 896 L
734 814 814 896 U
899 814 981 895 A
1065 812 1144 894 R
1228 812 1307 895 U
1390 811 1484 894 M

669 971 1139 1027 LIBERI.

468 1205 723 1252 STATIUS
756 1205 1028 1251 STELLAE
1060 1206 1173 1251 SUO
1206 1205 1331 1251 SAL.

76 1299 133 1361 iu
187 1298 520 1367 multumque
574 1296 832 1365 dubitaui,
887 1295 1054 1349 Stella
1106 1295 1316 1348 iuuenis
1374 1295 1573 1364 optime
1627 1298 1682 1349 et
1732 1287 1834 1348 in⁶

117 1371 217 1426 diis
255 1371 471 1439 nostriS,
510 1387 614 1439 qua
652 1373 803 1438 parte
843 1370 1070 1438 coluisti,
1109 1369 1544 1436 eminentissime,
1584 1387 1652 1421 an
1690 1369 1790 1423 hos

104 1446 249 1515 ellos,
287 1444 379 1515 qui
417 1443 549 1497 mihi
588 1443 765 1496 subito
806 1444 979 1496 calore
1019 1447 1074 1495 et
1104 1443 1333 1512 quadam
1373 1442 1661 1495 festinandi
1698 1461 1791 1495 uo-

121 1521 232 1572 tate
271 1518 558 1587 fluxerunt,
611 1534 731 1569 cum
780 1517 976 1587 singuli
1024 1515 1087 1569 de
1147 1517 1266 1569 sinu
1315 1533 1433 1569 meo
1480 1517 1793 1584 prodierint,

74 1595 382 1663 ¹ngregatos
420 1590 535 1660 ipse
575 1590 911 1643 dimitterem.
973 1590 1098 1659 quid
1137 1590 1280 1643 enim
1311 1593 1504 1657 oportet
1532 1607 1611 1643 me
1639 1589 1792 1644 huius

103 1683 237 1736 oque
277 1664 594 1719 auctoritate
633 1664 881 1717 editionis
921 1663 1146 1732 onerari,
1184 1663 1275 1732 qui
1315 1663 1487 1716 adhuc
1526 1681 1623 1731 pro
1657 1662 1792 1715 The·
1812 1657 1866 1696 ¹⁰

60 1739 182 1809 ¹>ide
220 1756 355 1808 mea,
395 1738 637 1808 quamuis
676 1755 760 1790 me
797 1738 1084 1806 reliquerit,
1120 1736 1322 1789 timeo?
1364 1737 1454 1789 sed
1478 1740 1533 1789 et
1555 1735 1791 1790 Culicem

50 1813 256 1882 ‹gimus
295 1814 349 1864 et
385 1810 1047 1880 Batrachomyomachiam
1088 1812 1249 1863 etiam
1289 1811 1654 1879 agnoscimus3
1695 1828 1793 1862 nec

24 1884 26 1887 ’
64 1886 312 1955 uisquam
351 1887 433 1938 est
469 1884 759 1937 illustrium
798 1887 1077 1953 poetarum
1117 1886 1208 1953 qui
1245 1902 1356 1937 non
1384 1884 1583 1952 aliquid
1623 1885 1791 1952 operi-

0 1955 157 2019 :bus„
177 1959 285 2012 suis
332 1957 456 2011 stilo
502 1957 803 2011 remissiore
849 1958 1178 2026 praeluserit.
1254 1957 1416 2026 quid?
1473 1957 1614 2026 quod
1660 1957 1793 2009 haec

31 2047 206 2096 serum
245 2034 360 2085 erat
398 2030 685 2099 continere,
723 2049 843 2083 cum
881 2032 974 2083 illa
1011 2049 1109 2084 uos
1149 2034 1304 2098 certe,
1344 2049 1570 2099 quorum
1600 2030 1793 2083 honori
1812 2022 1866 2062 15

0 2111 31 2172 j
68 2108 156 2159 ata
195 2107 335 2172 sunt,
371 2103 678 2156 haberetis}>
732 2103 823 2156 sed
863 2104 1002 2172 apud
1042 2107 1243 2156 ceteros
1282 2121 1500 2156 necesse
1540 2107 1623 2156 est
1660 2105 1792 2155 mul-

92 2197 147 2230 m
191 2178 298 2231 illis
345 2180 528 2246 pereat
579 2194 644 2229 ex
688 2176 867 2245 uenia,
922 2195 1042 2230 cum
1095 2177 1370 2229 amiserint
1415 2195 1575 2245 quam
1624 2178 1793 2229 solam

71 2252 335 2304 abuerunt
372 2250 602 2320 gratiam
640 2249 942 2303 celeritatis.
1001 2251 1209 2304 nullum
1247 2250 1390 2302 enim
1416 2269 1479 2303 ex
1502 2250 1606 2302 illis
1631 2250 1793 2303 biduo

148 2501 178 2541 4
209 2496 383 2542 Statius
414 2496 549 2556 stelle
581 2510 663 2542 suo
694 2497 892 2542 salutem
923 2501 960 2541 Δ
991 2503 1019 2540 c
1042 2500 1058 2554 11
1082 2503 1107 2541 6
1140 2497 1501 2542 eminentissime
1541 2511 1634 2554 qua
1664 2499 1796 2553 parte

92 2554 222 2600 luisti
275 2560 346 2610 0⁸,
400 2556 577 2600 correxi
619 2558 636 2612 11
681 2559 709 2600 8
760 2556 1016 2613 prodierint
1060 2561 1118 2600 A:
1165 2570 1250 2613 pro
1281 2592 1291 2601 .
1326 2593 1335 2601 .
1371 2591 1381 2599 .
1416 2591 1425 2599 .
1460 2561 1489 2598 0
1518 2556 1798 2612 prodiissent

154 2615 252 2671 ,119
283 2613 397 2670 quid
426 2627 486 2657 no
520 2648 530 2658 .
555 2649 566 2660 .
593 2647 602 2656 .
637 2648 647 2658 .
681 2649 691 2658 .
724 2629 909 2671 quoque
939 2618 977 2658 Δ
1015 2615 1128 2671 quid
1161 2650 1169 2659 .
1203 2631 1234 2658 n
1265 2649 1276 2658 .
1311 2615 1400 2670 (uel
1433 2616 1573 2670 enim)
1607 2648 1793 2658 .....

0 2683 2 2686 ’
98 2685 216 2728 oque
249 2677 298 2726 ῦς
337 2673 569 2729 suppleuit
597 2672 850 2730 Domitius,
882 2675 977 2718 nisi
1007 2675 1126 2730 quod
1156 2687 1230 2717 me
1262 2687 1339 2729 eqo
1369 2674 1544 2717 inserui
1574 2674 1627 2717 in
1655 2674 1797 2716 musei

130 2732 246 2775 nani
280 2732 371 2776 wol.
414 2731 676 2774 XXVIII
710 2736 806 2777 250
850 2734 866 2788 11
913 2737 968 2776 10
1007 2746 1098 2788 quo
1147 2732 1298 2776 adhuc
1338 2736 1366 2773 c
1404 2747 1451 2786 a,
1491 2733 1693 2784 correxi;
1732 2746 1797 2775 an

0 2802 2 2814 ·
94 2789 182 2833 oad
213 2788 363 2834 adhuc
393 2788 419 2833 ἓ
453 2790 578 2845 quod
616 2789 748 2834 Dom.
781 2805 919 2847 quom
955 2791 1127 2834 Markl.
1167 2790 1182 2847 11
1215 2795 1267 2833 12
1301 2805 1364 2834 an
1395 2789 1751 2848 cognoscimus?
1781 2792 1797 2847 11

121 2847 232 2904 suis]
275 2848 406 2893 seriis
441 2848 614 2892 Markl.
644 2848 651 2905 1
678 2849 812 2906 haec]
846 2851 893 2893 et
923 2849 1147 2893 Heinsius
