1976 3094
644 171 997 249 THEBAIDOS—
1017 172 1129 220 LIB.
1162 173 1262 222 VII.
1702 173 1808 229 181

125 291 724 366 OccupatArmipotens
735 293 924 366 ‘neque
941 295 1084 349 erfim
1098 295 1254 366 hunc,
1264 311 1531 366 germane,
1541 295 1640 348 sub
1656 313 1812 350 axem

127 367 164 424 S
205 371 329 423 onte
367 368 519 423 venis
557 369 869 439 hiemesque
909 387 1084 439 meaS,
1123 370 1210 424 cui
1248 369 1461 424 roscida
1499 369 1652 423 iuxta

184 442 373 497 aenala
411 445 466 497 et
504 443 696 497 aestivi
736 442 1062 497 clementior
1091 462 1223 497 aura
1260 442 1491 514 Lycaei?
1755 456 1812 497 80

124 516 225 571 Ille
263 515 430 571 refert
469 517 716 571 consulta
753 518 939 587 patris.
1014 517 1129 571 Nec
1167 518 1335 589 longa
1372 518 1638 585 moratus,

127 588 276 645 Sicut
315 590 663 662 anhelabant,
701 592 883 645 iuncto
924 591 1116 645 sudore
1156 591 1404 645 volantes

123 662 271 719 Mars
312 664 547 736 impellit
586 683 776 735 equos,
815 665 1017 719 resides
1057 666 1112 719 in
1151 666 1358 736 proelia
1396 664 1590 719 Graios

125 739 248 809 Ipse
289 739 455 793 etiam
493 739 798 811 indignans.
875 739 1031 793 Vidit
1069 742 1224 809 pater
1263 740 1408 793 altus
1448 742 1503 793 et
1539 740 1652 793 irae

124 811 243 867 Iam
283 813 455 868 levior
492 812 648 867 tardo
688 813 941 867 flectebat
979 813 1216 884 pondere
1254 814 1484 868 vultum.
1756 825 1815 868 85

123 885 200 941 Ut
238 887 283 940 si
324 887 537 957 quando
576 887 686 941 ruit
724 888 1129 957 debellatasque
1168 888 1429 958 relinquit

123 960 301 1016 Eurus
341 979 534 1031 aquas,
571 980 677 1031 pax
716 962 836 1032 ipsa
879 965 1055 1016 tumet
1092 965 1428 1034 pontumque
1467 962 1733 1015 iacentem

125 1033 410 1089 Exanimis
456 1035 567 1089 iam
606 1035 782 1090 volvit
819 1035 1017 1089 hiems:
1063 1036 1302 1090 nondum
1345 1054 1497 1089 arma
1534 1035 1818 1105 quiescunt

126 1108 344 1179 Omnia,
382 1126 482 1164 nec
518 1111 637 1164 toto
677 1109 952 1180 respirant
989 1112 1205 1179 pectore
1245 1113 1458 1163 nautae.

198 1182 441 1238 Finierat
478 1197 694 1254 pugnas
730 1183 906 1237 honor
944 1184 1268 1254 exsequialis
1307 1183 1563 1252 inermeS‚
1757 1196 1816 1237 90

126 1256 371 1312 Necdum
410 1257 640 1311 aberant
679 1260 862 1311 coetus
873 1299 886 1326 ,
926 1258 1240 1327 cunctisque
1281 1257 1567 1311 silentibus
1607 1256 1767 1311 heros

125 1330 270 1386 Vina
309 1331 424 1385 solo
464 1331 691 1385 fundens
732 1331 965 1386 cinerem
1002 1332 1258 1401 placabat
1297 1331 1565 1384 Adrastus

127 1405 469 1459 Archemori:
510 1404 638 1475 ‘Da,
677 1423 862 1475 parve,
900 1408 1054 1458 tuum
1093 1405 1370 1459 trieteride
1410 1405 1583 1459 multa

125 1478 438 1533 Instaurare
479 1479 644 1549 diem,
683 1497 782 1533 nec
824 1480 1034 1533 saucius
1076 1479 1316 1533 Arcadas
1357 1497 1482 1532 aras

124 1552 283 1608 Malit
321 1552 467 1607 adire
506 1551 704 1623 Pelops
743 1553 985 1623 Eleaque
1023 1553 1205 1622 pulset
1245 1553 1450 1606 eburna
1759 1564 1818 1607 95

126 1627 350 1698 Templa
387 1645 573 1696 manu,
612 1645 710 1681 nec
751 1626 1008 1681 Castaliis
1049 1627 1314 1680 altaribus
1354 1626 1572 1698 anguiS,

125 1699 241 1756 Nec
281 1718 380 1755 sua
416 1701 664 1772 pinigero
703 1701 879 1772 magis
919 1700 1142 1755 adnatet
1180 1701 1375 1754 umbra
1413 1700 1677 1755 Lechaeo,

126 1773 243 1828 Nos
282 1778 338 1828 te
375 1775 610 1846 lugenti,
647 1793 803 1845 puer,
841 1775 1138 1829 infitiamur
1177 1775 1397 1829 Averno
1408 1817 1423 1845 ,

127 1848 445 1918 Maestaque
483 1849 759 1919 perpetuis
793 1849 1079 1903 sollemnia
1117 1849 1391 1919 iungimus
1432 1850 1617 1919 astris,

127 1921 286 1976 Nunc
323 1921 524 1975 festina
563 1922 771 1976 cohors.
846 1923 924 1976 At
963 1923 1010 1976 si
1050 1922 1279 1977 Boeotia
1317 1923 1460 1976 ferro
1732 1936 1820 1977 100

131 1996 360 2050 Vertere
399 1998 544 2050 tecta
583 1995 760 2066 dabie,
799 1997 1013 2066 magnis
1052 2000 1181 2050 tunc
1221 1996 1440 2067 dignior
1479 1997 1611 2065 arie,

130 2070 280 2124 Tunc
320 2070 473 2140 deuS,
510 2069 762 2124 Inachias
800 2088 898 2124 nec
937 2073 1153 2123 tan'tum
1192 2070 1338 2123 culta
1374 2088 1472 2140 per
1508 2072 1671 2124 urbes

130 2143 392 2214 Numina,
431 2144 660 2214 captivis
702 2144 868 2198 etiam
906 2144 1154 2197 iurabere
1194 2142 1431 2196 Thebis?

130 2217 255 2272 Dux
294 2235 356 2271 ea
394 2235 492 2287 pro
534 2219 762 2287 cunctis,
802 2219 986 2271 eadem
1028 2218 1133 2271 sibi
1173 2217 1399 2287 quisque
1438 2217 1684 2270 vovebat.

205 2291 322 2345 Iam
360 2292 549 2361 pronis
590 2291 858 2346 Gradivus
899 2292 1048 2361 equis
1087 2291 1376 2361 Ephyraea
1413 2291 1695 2360 premebat
1734 2305 1819 2345 105

129 2365 340 2435 Litora,
378 2383 484 2436 qua
524 2384 760 2420 summas
801 2370 963 2436 caput
1002 2365 1427 2420 Acrocorinthus
1467 2365 1524 2417 in
1564 2383 1721 2418 auras
1883 2376 1886 2378 ’

131 2439 298 2493 Tollit
336 2443 390 2492 et
429 2439 637 2493 alterna
677 2440 953 2512 geminum
993 2459 1141 2493 mare
1179 2439 1423 2510 protegit
1461 2440 1669 2493 umbra.

252 2590 351 2631 103.
387 2584 606 2643 ‘captivis
631 2612 687 2618 —
711 2585 903 2630 Tbebis’
937 2585 1211 2632 Priscian.
1243 2585 1308 2629 XI
1340 2590 1395 2630 27
1428 2600 1475 2642 p.
1507 2590 1611 2640 566,
1644 2589 1670 2628 5
1701 2584 1757 2629 Η.

252 2724 308 2765 83
333 2717 512 2763 resides
528 2722 561 2760 P
584 2716 854 2774 residesque
871 2721 1003 2764 ceteri
1025 2721 1040 2776 ΙΙ
1064 2724 1121 2764 84
1146 2719 1243 2763 irae
1266 2718 1555 2776 Peyraredus
1571 2717 1643 2762 ira
1658 2717 1784 2763 codd.
1804 2719 1821 2776 Η

136 2781 192 2823 86
222 2777 449 2835 relinquit
479 2781 674 2820 PSGTI.
706 2776 900 2832 reliquit
929 2778 1201 2835 30211188
1235 2776 1537 2834 quiescunt?
1567 2791 1711 2834 mary.
1744 2790 1820 2821 ca-

132 2835 249 2881 rinis
273 2839 406 2883 ceteri
421 2838 519 2940 ⁹:91
555 2836 753 2880 aberant
785 2839 976 2892 questus
1005 2837 1297 2896 Peyraredus
1319 2839 1335 2893 ss
1359 2841 1414 2881 92
1439 2835 1645 2892 pacabat
1666 2841 1699 2879 1’
1723 2838 1740 2894 11
1761 2839 1819 2880 98

136 2894 390 2953 lugendum
468 2897 751 2941 achmawnus
773 2895 788 2952 ΙΙ
812 2901 867 2941 99
901 2897 993 2941 aris
1024 2897 1168 2941 Behh.
1201 2900 1242 2938 Η
1273 2896 1401 2940 Dan.
