2020 3106
20 130 31 243 ξ
610 157 1013 207 ACHILLEIDOS
1046 158 1096 203 L.
1130 157 1163 201 Ι,
1668 148 1736 200 19

52 284 332 341 Occultum
371 282 646 338 Aeaciden
684 278 829 353 (quis
870 281 1052 333 divum
1091 277 1373 331 fraudibus
1414 275 1656 346 obstet?)

49 359 286 430 Accipit3
324 358 468 412 ultro
509 358 671 410 etiam
710 357 998 408 veneratur
1036 352 1280 422 supplice
1318 351 1506 404 dextra
1653 364 1739 403 365

49 432 124 488 Et
161 435 341 504 grates
381 432 582 486 electus
623 431 760 502 agit:
797 446 895 482 nec
933 427 1095 480 turba
1133 427 1346 496 piarum

51 505 369 578 Scyriadum
409 507 585 560 cessat
621 504 790 558 nimio
831 502 1062 571 defigere
1101 501 1220 553 visu

50 579 294 652 Virginis
336 598 431 635 ora
467 597 663 647 novae,
703 580 965 648 quantum
1005 575 1211 629 cervice
1253 573 1524 643 comisque

50 652 301 710 Emineat
339 656 704 724 quantumque
742 668 959 704 umeros
1000 667 1062 702 ac
1100 651 1323 718 pectora
1360 646 1569 700 fundat.

50 725 190 783 Dein
227 729 434 783 sociare
473 727 665 782 choros
705 725 977 794 castisque
1017 723 1267 776 accedere
1310 721 1479 775 sacris
1655 735 1742 775 370

50 796 377 871 Hortantur,
417 802 716 871 ceduntque
756 801 876 854 loco
917 802 971 850 et
1009 797 1322 866 contingere
1363 795 1617 864 gaudent.

52 874 294 940 Qualiter
330 876 535 930 Idaliae
572 875 842 940 volucres,
881 871 973 924 ubi
1013 872 1202 924 mollia
1240 870 1503 939 frangunt

50 947 274 1019 Nubila,
312 950 422 1004 iam
460 950 686 1020 longum
726 947 980 1015 caeloque
1020 946 1285 1014 domoque
1324 947 1608 1014 gregatae,

53 1020 110 1079 Si
146 1023 323 1078 iunxit
358 1024 552 1098 pinnas
587 1023 905 1091 diversoque
943 1020 1164 1088 hospita
1202 1022 1380 1071 tractu

51 1094 218 1152 Venit
257 1098 394 1167 avis,
434 1099 656 1151 cunctae
696 1096 932 1165 primum
970 1094 1238 1146 mirantur
1277 1096 1331 1145 et
1370 1092 1617 1144 horrent:
1657 1103 1742 1144 375

48 1167 178 1225 Mox
215 1172 440 1241 propius
479 1171 807 1241 propiusque
846 1168 1059 1236 volant,
1099 1171 1259 1236 atque
1301 1174 1420 1218 aere
1460 1166 1518 1218 in
1558 1166 1676 1234 ipso

51 1242 324 1301 Paulatim
362 1245 536 1299 fecere
577 1262 730 1298 suam
769 1243 1070 1313 plausuque
1112 1240 1345 1294 secundo

53 1314 341 1372 Circueunt
378 1318 578 1372 hilares
619 1321 674 1371 et
714 1317 781 1370 ad
822 1317 935 1370 alta
975 1315 1176 1368 cubilia
1215 1314 1430 1366 ducunt.

197 1391 514 1463 Digreditur
553 1393 782 1445 multum
824 1391 1075 1443 cunctata
1113 1389 1170 1440 in
1209 1388 1395 1440 limine
1435 1390 1632 1455 mater,

0 1482 3 1530 ς
52 1463 195 1519 Dum
231 1466 432 1536 repetit
469 1466 710 1519 monitus
751 1481 1053 1532 arcanaque
1094 1480 1369 1515 murmura
1407 1461 1530 1530 figit
1658 1474 1744 1513 380

0 1537 2 1581 ἱ
51 1538 290 1593 Auribus
328 1543 382 1593 et
419 1540 588 1593 tacito
629 1540 723 1592 dat
761 1539 927 1592 verba
963 1536 1263 1590 novissima
1299 1538 1446 1587 nato,

0 1641 3 1666 ι
53 1611 203 1667 Tunc
241 1617 463 1684 excepta
501 1613 643 1667 freto
683 1613 845 1682 longe
886 1611 1090 1664 cervice
1129 1610 1329 1662 reflexa

0 1679 6 1766 l
53 1686 298 1740 Abnatat
336 1691 391 1741 et
426 1687 641 1741 blandis
683 1686 898 1739 adfatur
936 1686 1101 1738 litora
1139 1683 1304 1737 votis:

59 1758 218 1814 ‘Gara
255 1759 391 1813 mihi
427 1761 614 1830 telluS,
651 1777 880 1830 magnae
921 1759 1005 1812 cui
1044 1758 1276 1828 pignora
1316 1775 1474 1810 curae

5 1880 7 1914 ᾗ
56 1832 480 1903 Depositumque
518 1834 708 1904 ingens
747 1833 940 1886 timido
982 1831 1349 1886 commisimus
1391 1834 1535 1894 astu,
1658 1842 1743 1883 385

59 1905 142 1959 Sis
179 1905 313 1958 felix
349 1909 658 1977 taceasque,
696 1925 908 1976 precor,
947 1924 1052 1975 quo
1093 1923 1243 1958 more
1280 1905 1501 1958 tacebat

0 1983 9 2058 l
59 1977 222 2033 Creta
259 1979 464 2033 Rheae:
503 1983 556 2032 te
594 1981 790 2049 longus
827 1979 999 2032 honos
1041 1982 1366 2047 aeternaque
1408 1979 1626 2048 cingent

0 2109 12 2204 ?
159 2154 214 2206 J·
240 2144 334 2206 ,372
367 2154 436 2197 sq.
490 2138 820 2204 Priscianus
851 2137 916 2181 VI
948 2142 1002 2181 93
1052 2152 1097 2194 p.
1131 2142 1218 2182 278
1249 2137 1329 2181 H.:
1388 2137 1588 2181 ‘Statius
1633 2138 1684 2182 in
1723 2139 1745 2182 Ι

0 2211 3 2227 >
54 2197 360 2243 Achilleidos:
394 2197 604 2252 Qualiter
634 2196 811 2241 Idahac
842 2197 1070 2252 volucrcS,
1101 2196 1183 2240 ubi
1207 2196 1371 2240 mollia
1400 2196 1624 2253 frangunt
1646 2196 1743 2240 Nu-

0 2273 2 2293 1
53 2254 163 2313 bila,
194 2257 291 2301 iam
321 2257 514 2314 longum
546 2257 767 2312 caeloque
799 2254 1030 2311 domoque
1065 2255 1322 2312 gregatae.’

169 2424 255 2465 367
288 2420 424 2465 niveo
455 2424 488 2462 P
519 2420 535 2475 ΙΙ
566 2423 652 2463 370
683 2418 802 2463 Dein
834 2416 921 2459 G2t
950 2417 1091 2473 (qaod
1121 2421 1291 2461 rectum
1322 2430 1412 2461 esse
1446 2416 1548 2462 Otto
1583 2419 1741 2463 Muel-

0 2495 1 2498 ’
52 2476 172 2529 letus
207 2479 531 2524 demonstravit
561 2482 729 2535 quaest.
749 2477 948 2521 Statian.
982 2490 1033 2532 p.
1058 2479 1133 2530 13,
1164 2490 1266 2520 cum
1307 2477 1577 2534 ubicumque
1612 2478 1741 2534 apud

0 2561 3 2583 ι
53 2534 251 2582 Statim
293 2538 488 2583 ‘dehine’
531 2541 756 2593 appareat
791 2536 971 2580 iambus
994 2536 1075 2589 sit,
1105 2549 1334 2592 nusquam
1363 2538 1742 2594 monosyllabum,

50 2595 168 2640 sinat
207 2610 352 2654 supra
388 2611 430 2642 v.
460 2598 582 2651 228)
626 2594 805 2640 Dehinc
847 2598 1003 2637 1’1’011
1040 2594 1047 2651 1
1090 2595 1243 2639 choris
1283 2599 1328 2636 Μ
1365 2595 1381 2650 ΙΙ
1427 2599 1514 2638 374
1555 2595 1739 2640 diverso

52 2666 170 2711 quae
217 2656 434 2700 Menkius
473 2654 713 2712 divisoque
768 2658 804 2697 G
855 2655 871 2710 ΙΙ
925 2658 1009 2698 376
1056 2654 1248 2710 propius
1294 2666 1423 2698 omm.
1477 2654 1685 2697 PG20H.
1725 2654 1742 2713 Η

52 2715 138 2758 378
170 2713 417 2760 Circueunt
445 2720 466 2757 t
495 2716 565 2758 ita
597 2727 710 2758 corr.
752 2714 966 2758 Weberus
1003 2714 1082 2767 (cf.
1113 2726 1154 2756 v.
1180 2715 1271 2756 103
1296 2715 1409 2767 408)
1441 2711 1739 2757 Circumeunt

51 2773 142 2825 ΑΙ
168 2772 185 2830 ΙΙ
214 2777 298 2819 381
329 2774 472 2819 tacite
505 2777 540 2815 G
582 2775 588 2829 Ι
623 2774 736 2817 nato
766 2772 930 2828 scripsi
960 2785 1062 2815 cum
1093 2775 1172 2813 Gn
1211 2771 1346 2814 vultu
1383 2775 1416 2812 P
1453 2773 1565 2815 voto
1612 2771 1741 2814 PcG²

52 2826 126 2932 {KP
156 2831 173 2888 ss
202 2835 287 2935 323
325 2832 446 2917 {rotis
471 2836 562 2876 Au
591 2831 744 2877 verbis
768 2832 864 2876 edd.
889 2831 905 2887 ΙΙ
928 2834 1013 2875 385
1051 2829 1352 2874 Comissimus
1382 2834 1415 2871 P
1444 2831 1449 2885 l
1477 2835 1563 2874 387
1598 2831 1738 2875 rehae

127 2905 150 2935 ο
178 2904 227 2935 re
288 2895 323 2934 G

1320 2962 1380 3005 2*
