1976 3094
228 162 300 215 46
727 165 730 169 ·
812 162 860 206 P.
893 161 1123 207 PAPINII
1154 144 1347 207 sTATn

228 283 358 338 Non
396 283 668 353 indignati
707 283 967 336 miserum
1007 283 1206 337 dixisse
1244 286 1528 354 parentem
1833 299 1921 340 435

233 358 571 426 Oedipoden:
611 357 714 410 tibi
753 358 905 427 larga
945 356 1166 428 (Pelops
1201 362 1255 411 et
1294 358 1559 411 Tantalus
1599 358 1809 430 auctor)

230 432 531 500 Nobilitas,
570 431 894 500 propiorque
932 422 1066 485 flzfat
1105 432 1169 485 de
1210 433 1471 502 sanguine
1509 432 1693 486 iuncto

230 506 490 575 Iuppiter.
566 504 722 558 Anne
762 505 901 559 feret
938 507 1068 559 luxu
1107 510 1366 560 consueta
1403 509 1630 575 paterno

228 580 388 633 Hunc
427 580 617 649 regina
654 580 860 632 larem?
899 583 1120 634 nostrae
1159 581 1245 634 cui
1283 581 1396 633 iure
1437 599 1647 634 sorores

228 655 407 707 Anxia
446 671 615 723 pensa
654 654 898 723 trahant,
936 656 1103 724 longo
1145 674 1306 724 quam
1347 655 1565 708 sordida
1603 656 1752 709 luctu
1830 668 1920 712 440

225 727 408 781 Mater
448 730 502 781 et
542 747 605 780 ex
643 729 767 781 imis
808 728 1023 782 auditus
1062 729 1206 783 forte
1243 729 1484 782 tenebris

226 802 478 858 Offendat
518 820 667 855 sacer
706 803 797 855 ille
838 804 1022 856 senex!
1083 801 1202 856 Iam
1241 807 1460 872 pectora
1499 803 1650 872 vulgi

224 876 537 929 Adsuevere
578 877 732 946 iugo:
772 878 939 946 pudet
976 877 1104 931 heu!
1145 878 1428 947 plebisque
1467 881 1813 948 patrumque,

226 949 310 1004 Ne
349 951 552 1004 totiens
592 951 798 1004 incerta
837 952 1015 1005 ferant
1052 955 1368 1022 mutentque
1408 955 1685 1022 gementes

226 1024 464 1094 Imperia
505 1028 558 1078 et
598 1025 760 1078 dubio
800 1027 988 1096 pigeat
1026 1045 1216 1095 parere
1255 1029 1500 1096 tyranno·
1828 1038 1916 1080 445

227 1099 357 1152 Non
396 1100 572 1167 parcit
611 1100 828 1168 populis
867 1101 1315 1171 regnum-breve3
1354 1101 1582 1171 respice,
1622 1103 1854 1170 quantus

225 1172 461 1242 Horror,
501 1177 556 1226 et
596 1175 820 1227 attoniti
857 1179 1046 1228 nostro
1086 1175 1143 1227 in
1181 1175 1489 1228 discrimine
1529 1175 1699 1228 cives!

225 1247 412 1301 Hosne
439 1264 556 1317 eg0,
581 1248 699 1317 quis
725 1251 871 1302 certa
896 1252 982 1302 est
1006 1249 1105 1302 sub
1131 1252 1186 1302 te
1211 1249 1343 1303 duce
1367 1268 1557 1318 poena,
1572 1249 1934 1319 relinquam?

222 1321 425 1391 Iratus,
465 1339 745 1391 germane,
783 1324 948 1377 venis.
1023 1322 1132 1376 Fac
1171 1324 1333 1377 velle:
1373 1342 1471 1377 nec
1509 1323 1642 1392 ipsi,

224 1394 282 1449 Si
321 1396 481 1449 modo
521 1399 682 1449 notus
725 1400 876 1451 amor
915 1397 1204 1467 meritique
1245 1401 1328 1451 est
1367 1399 1567 1469 gratia,
1604 1401 1786 1466 patres
1826 1411 1912 1452 450

225 1470 468 1523 Reddere
508 1488 676 1540 regna
717 1471 929 1526 sinent.’
1007 1472 1132 1526 Non
1170 1473 1315 1526 ultra
1352 1491 1568 1542 paSSUS‚
1607 1475 1661 1525 et
1699 1491 1823 1526 orsa

219 1543 412 1602 Iniecit
451 1545 642 1597 mediis
685 1547 1024 1599 sermonibus
1065 1546 1244 1601 obvia:
1285 1545 1557 1615 ‘Reddes,'

220 1618 551 1688 Ingeminat,
592 1618 822 1690 treddes3
862 1638 974 1673 non
1013 1620 1059 1673 si
1098 1623 1154 1673 te
1192 1621 1397 1674 ferreus
1439 1637 1607 1691 agger

216 1692 444 1745 Ambiat
484 1695 578 1745 aut
616 1693 859 1762 triplices
900 1695 1006 1747 alio
1045 1694 1146 1747 tibi
1185 1695 1420 1748 carmine
1459 1713 1643 1748 muros

213 1765 496 1835 Amphion
536 1767 750 1820 auditus
791 1772 943 1838 agat,
982 1769 1062 1821 nil
1100 1768 1213 1821 tela
1251 1787 1348 1822 nec
1387 1769 1541 1838 ignes
1821 1782 1907 1823 455

213 1839 568 1909 Obstiterint,
609 1842 737 1910 quin
778 1861 909 1896 ausa
948 1843 1065 1896 luas
1104 1844 1413 1913 nostrisque
1455 1844 1552 1897 sub
1595 1844 1758 1897 armis

213 1912 445 1983 Captivo
487 1916 837 1969 moribundus
877 1917 1100 1970 humum
1141 1914 1445 1971 diademate
1484 1918 1683 1988 pulseS.

209 1988 290 2043 Tu
333 1988 555 2058 merit03
595 1994 681 2043 ast
719 1991 914 2044 horum
955 1991 1199 2061 miseret,
1241 2010 1374 2061 quos
1415 1993 1678 2061 sanguine
1717 1993 1852 2046 viles

211 2060 549 2132 Coniugibus
589 2066 840 2135 natisque
880 2065 1102 2118 infanda
1142 2065 1208 2119 ad
1248 2066 1455 2135 proelia
1494 2069 1680 2136 raptos

206 2135 420 2191 Proicis
460 2137 666 2192 excidio
677 2181 691 2208 ,
730 2140 870 2193 bone
909 2158 1018 2192 rex.
1096 2139 1140 2193 O
1181 2142 1384 2209 quanta
1424 2138 1718 2194 Cithaeron
1816 2155 1902 2195 460

206 2209 421 2264 Funera
461 2214 896 2283 sanguineusque
935 2214 1110 2282 vadiS,
1148 2213 1384 2284 Ismene,
1423 2215 1658 2268 rotabis!

205 2284 355 2338 Haec
396 2286 594 2357 pietaS,
633 2288 767 2340 haec
807 2305 1008 2358 magna
1045 2287 1202 2341 fides!
1241 2307 1340 2342 nec
1379 2290 1607 2342 crimina
1648 2290 1825 2359 gentis

327 2449 415 2489 454
442 2459 507 2501 sq.
545 2447 647 2491 ‘aut
680 2474 734 2481 —
767 2447 1022 2505 Amphion’
1060 2448 1234 2495 schol.
1265 2448 1409 2494 Theb.
1442 2448 1463 2492 I
1496 2454 1551 2493 10
1581 2464 1624 2506 p.
1660 2454 1687 2493 4
1718 2449 1765 2493 L.

321 2599 406 2639 437
451 2594 556 2638 fluit
595 2596 655 2640 D.
701 2596 929 2641 Heinsius
966 2598 980 2653 ΙΙ
1017 2601 1103 2640 439
1143 2596 1246 2640 Huc
1285 2602 1317 2639 P
1356 2599 1371 2655 ΙΙ
1410 2601 1495 2641 442
1538 2610 1669 2641 sacer
1699 2602 1731 2640 P
1763 2597 1895 2643 Leid.
1944 2602 1950 2610 ’

204 2666 338 2697 socer
370 2654 567 2697 BG2SM
595 2656 601 2711 Ι
629 2655 760 2711 volgi
790 2660 822 2698 P
846 2657 860 2711 ΙΙ
885 2660 970 2699 443
999 2656 1163 2712 (pudet
1183 2656 1296 2700 heu!
1330 2655 1575 2712 plebisque
1598 2658 1894 2714 patrumque)
1943 2658 1954 2710 ξ

201 2712 469 2758 Koestlinus
499 2716 514 2771 ΙΙ
546 2719 631 2759 447
680 2716 734 2757 ut
772 2714 966 2758 attoniti
1003 2716 1270 2760 Koestlinus
1299 2717 1314 2771 ΙΙ
1346 2721 1434 2759 450
1475 2716 1550 2759 Sic
1591 2715 1707 2759 mihi
1748 2717 1894 2761 Lach-
1944 2737 1947 2739 ⁴

199 2786 399 2817 ‘mannus
423 2775 438 2830 fl
463 2778 548 2817 453
583 2773 882 2831 Ingeminans
920 2775 1033 2819 Beh.
1069 2776 1383 2820 Marklandus
1405 2776 1421 2832 ΙΙ
1444 2779 1532 2819 454
1572 2774 1691 2818 alius
1734 2774 1895 2820 Schra-

199 2832 335 2876 derus
358 2833 372 2888 ΙΙ
395 2836 484 2877 458
513 2846 642 2876 orum
659 2838 691 2875 P
716 2835 730 2891 ΙΙ
754 2839 837 2878 461
866 2832 1228 2889 sanguineisque
1247 2833 1302 2876 (³²
1328 2836 1446 2890 (cum
1469 2837 1575 2891 ras).
1600 2839 1644 2877 Μ
1672 2838 1678 2890 Ι
1705 2833 1892 2878 notabis

199 2892 315 2935 coni.
349 2892 607 2936 Muellerus
629 2895 644 2949 ΙΙ
667 2897 752 2938 462
788 2891 986 2937 crimina
1016 2893 1188 2937 mentis
1220 2894 1338 2938 idem
