<?xml version="1.0" encoding="UTF-8"?>
<!DOCTYPE html PUBLIC "-//W3C//DTD XHTML 1.0 Transitional//EN"
    "http://www.w3.org/TR/xhtml1/DTD/xhtml1-transitional.dtd">
<html xmlns="http://www.w3.org/1999/xhtml" xml:lang="en" lang="en">
 <head>
  <title>
</title>
<meta http-equiv="Content-Type" content="text/html;charset=utf-8" />
  <meta name='ocr-system' content='tesseract 3.04.00' />
  <meta name='ocr-capabilities' content='ocr_page ocr_carea ocr_par ocr_line ocrx_word'/>
</head>
<body>
  <div class='ocr_page' id='page_1' title='image "./operapapinius12statuoft_0063.png"; bbox 0 0 1988 3106; ppageno 0'>
   <div class='ocr_carea' id='block_1_1' title="bbox 0 0 35 3106">
    <p class='ocr_par' dir='ltr' id='par_1_1' title="bbox 0 0 35 3106">
     <span class='ocr_line' id='line_1_1' title="bbox 0 0 35 3106; baseline 0 0"><span class='ocrx_word' id='word_1_1' title='bbox 0 0 35 3106; x_wconf 95' lang='lat' dir='ltr'><strong> </strong></span> 
     </span>
    </p>
   </div>
   <div class='ocr_carea' id='block_1_2' title="bbox 391 197 1841 257">
    <p class='ocr_par' dir='ltr' id='par_1_2' title="bbox 391 197 1841 257">
     <span class='ocr_line' id='line_1_2' title="bbox 391 197 1841 257; baseline 0.001 -13"><span class='ocrx_word' id='word_1_2' title='bbox 391 198 442 244; x_wconf 87' lang='lat' dir='ltr'><strong>P.</strong></span> <span class='ocrx_word' id='word_1_3' title='bbox 474 198 701 244; x_wconf 89' lang='lat' dir='ltr'>PAPINII</span> <span class='ocrx_word' id='word_1_4' title='bbox 733 197 929 244; x_wconf 79' lang='lat' dir='ltr'>STATJI</span> <span class='ocrx_word' id='word_1_5' title='bbox 961 198 1273 245; x_wconf 81' lang='lat' dir='ltr'><strong>SILUARUM</strong></span> <span class='ocrx_word' id='word_1_6' title='bbox 1304 198 1355 247; x_wconf 87' lang='lat' dir='ltr'><strong>L.</strong></span> <span class='ocrx_word' id='word_1_7' title='bbox 1387 199 1444 257; x_wconf 90' lang='lat'><strong>11,</strong></span> <span class='ocrx_word' id='word_1_8' title='bbox 1478 205 1516 246; x_wconf 91' lang='lat'><strong>1.</strong></span> <span class='ocrx_word' id='word_1_9' title='bbox 1771 199 1841 253; x_wconf 80' lang='grc'><strong>37</strong></span> 
     </span>
    </p>
   </div>
   <div class='ocr_carea' id='block_1_3' title="bbox 46 316 1935 1272">
    <p class='ocr_par' dir='ltr' id='par_1_3' title="bbox 46 316 1935 1272">
     <span class='ocr_line' id='line_1_3' title="bbox 77 316 1844 390; baseline 0.001 -18"><span class='ocrx_word' id='word_1_10' title='bbox 77 316 189 372; x_wconf 86' lang='lat' dir='ltr'><strong>stili</strong></span> <span class='ocrx_word' id='word_1_11' title='bbox 240 317 553 372; x_wconf 73' lang='lat' dir='ltr'><strong>facilitatem</strong></span> <span class='ocrx_word' id='word_1_12' title='bbox 609 318 693 372; x_wconf 90' lang='lat' dir='ltr'><strong>leo</strong></span> <span class='ocrx_word' id='word_1_13' title='bbox 731 322 1069 387; x_wconf 89' lang='lat' dir='ltr'><strong>mansuetus,</strong></span> <span class='ocrx_word' id='word_1_14' title='bbox 1123 337 1281 390; x_wconf 90' lang='lat' dir='ltr'><strong>quem</strong></span> <span class='ocrx_word' id='word_1_15' title='bbox 1334 320 1393 374; x_wconf 88' lang='lat' dir='ltr'><strong>in</strong></span> <span class='ocrx_word' id='word_1_16' title='bbox 1446 320 1844 389; x_wconf 85' lang='lat' dir='ltr'><strong>amphitheatro</strong></span> 
     </span>
     <span class='ocr_line' id='line_1_4' title="bbox 73 391 1845 463; baseline 0.002 -19"><span class='ocrx_word' id='word_1_17' title='bbox 73 393 404 461; x_wconf 87' lang='lat' dir='ltr'><strong>prostratum</strong></span> <span class='ocrx_word' id='word_1_18' title='bbox 427 391 680 463; x_wconf 83' lang='lat' dir='ltr'><strong>frigidum</strong></span> <span class='ocrx_word' id='word_1_19' title='bbox 705 395 834 462; x_wconf 88' lang='lat' dir='ltr'><strong>erat,</strong></span> <span class='ocrx_word' id='word_1_20' title='bbox 858 393 1219 447; x_wconf 88' lang='lat' dir='ltr'><strong>sacratissimo</strong></span> <span class='ocrx_word' id='word_1_21' title='bbox 1236 393 1555 463; x_wconf 77' lang='lat' dir='ltr'><strong>Imperatori</strong></span> <span class='ocrx_word' id='word_1_22' title='bbox 1578 395 1635 447; x_wconf 92' lang='lat' dir='ltr'><strong>ni</strong></span> <span class='ocrx_word' id='word_1_23' title='bbox 1660 395 1845 448; x_wconf 87' lang='lat' dir='ltr'><strong>statim</strong></span> 
     </span>
     <span class='ocr_line' id='line_1_5' title="bbox 74 464 1933 536; baseline 0.003 -18"><span class='ocrx_word' id='word_1_24' title='bbox 74 464 354 521; x_wconf 83' lang='lat' dir='ltr'><strong>traderem.</strong></span> <span class='ocrx_word' id='word_1_25' title='bbox 401 465 469 519; x_wconf 87' lang='lat' dir='ltr'><strong>ad</strong></span> <span class='ocrx_word' id='word_1_26' title='bbox 492 464 691 520; x_wconf 89' lang='lat' dir='ltr'><strong>Ursum</strong></span> <span class='ocrx_word' id='word_1_27' title='bbox 723 484 931 536; x_wconf 89' lang='lat' dir='ltr'><strong>quoque</strong></span> <span class='ocrx_word' id='word_1_28' title='bbox 963 470 1224 536; x_wconf 90' lang='lat' dir='ltr'><strong>nostrum,</strong></span> <span class='ocrx_word' id='word_1_29' title='bbox 1256 468 1503 521; x_wconf 88' lang='lat' dir='ltr'><strong>iuuenem</strong></span> <span class='ocrx_word' id='word_1_30' title='bbox 1534 467 1845 521; x_wconf 87' lang='lat' dir='ltr'><strong>candidissi-</strong></span> <span class='ocrx_word' id='word_1_31' title='bbox 1876 485 1933 525; x_wconf 80' lang='lat'><strong>20</strong></span> 
     </span>
     <span class='ocr_line' id='line_1_6' title="bbox 73 539 1845 610; baseline 0.001 -18"><span class='ocrx_word' id='word_1_32' title='bbox 73 556 221 592; x_wconf 91' lang='lat' dir='ltr'><strong>mum</strong></span> <span class='ocrx_word' id='word_1_33' title='bbox 267 541 321 592; x_wconf 90' lang='lat' dir='ltr'><strong>et</strong></span> <span class='ocrx_word' id='word_1_34' title='bbox 363 539 478 593; x_wconf 85' lang='lat' dir='ltr'><strong>sine</strong></span> <span class='ocrx_word' id='word_1_35' title='bbox 524 539 731 593; x_wconf 89' lang='lat' dir='ltr'><strong>iactura</strong></span> <span class='ocrx_word' id='word_1_36' title='bbox 778 539 1009 593; x_wconf 86' lang='lat' dir='ltr'><strong>desidiae</strong></span> <span class='ocrx_word' id='word_1_37' title='bbox 1049 540 1439 610; x_wconf 89' lang='lat' dir='ltr'><strong>doctissimum,</strong></span> <span class='ocrx_word' id='word_1_38' title='bbox 1486 542 1740 610; x_wconf 82' lang='lat' dir='ltr'><strong>scriptam</strong></span> <span class='ocrx_word' id='word_1_39' title='bbox 1781 541 1845 594; x_wconf 91' lang='lat' dir='ltr'><strong>de</strong></span> 
     </span>
     <span class='ocr_line' id='line_1_7' title="bbox 74 613 1845 684; baseline 0.002 -20"><span class='ocrx_word' id='word_1_40' title='bbox 74 615 273 665; x_wconf 87' lang='lat' dir='ltr'><strong>amisso</strong></span> <span class='ocrx_word' id='word_1_41' title='bbox 317 630 484 682; x_wconf 89' lang='lat' dir='ltr'><strong>puero</strong></span> <span class='ocrx_word' id='word_1_42' title='bbox 529 613 950 667; x_wconf 82' lang='lat' dir='ltr'><strong>consolationem</strong></span> <span class='ocrx_word' id='word_1_43' title='bbox 1007 631 1167 683; x_wconf 90' lang='lat' dir='ltr'><strong>super</strong></span> <span class='ocrx_word' id='word_1_44' title='bbox 1212 632 1275 667; x_wconf 92' lang='lat' dir='ltr'><strong>ea</strong></span> <span class='ocrx_word' id='word_1_45' title='bbox 1329 631 1463 684; x_wconf 89' lang='lat' dir='ltr'><strong>quae</strong></span> <span class='ocrx_word' id='word_1_46' title='bbox 1515 615 1622 684; x_wconf 89' lang='lat' dir='ltr'><strong>ipsi</strong></span> <span class='ocrx_word' id='word_1_47' title='bbox 1676 614 1845 669; x_wconf 90' lang='lat' dir='ltr'><strong>debeo</strong></span> 
     </span>
     <span class='ocr_line' id='line_1_8' title="bbox 55 684 1847 757; baseline 0.001 -18"><span class='ocrx_word' id='word_1_48' title='bbox 55 684 195 755; x_wconf 64' lang='lat' dir='ltr'><strong>⁴huic</strong></span> <span class='ocrx_word' id='word_1_49' title='bbox 226 685 364 740; x_wconf 90' lang='lat' dir='ltr'><strong>libro</strong></span> <span class='ocrx_word' id='word_1_50' title='bbox 395 686 627 740; x_wconf 87' lang='lat' dir='ltr'><strong>libenter</strong></span> <span class='ocrx_word' id='word_1_51' title='bbox 656 687 872 756; x_wconf 89' lang='lat' dir='ltr'><strong>inserui,</strong></span> <span class='ocrx_word' id='word_1_52' title='bbox 911 687 1036 757; x_wconf 90' lang='lat' dir='ltr'><strong>quia</strong></span> <span class='ocrx_word' id='word_1_53' title='bbox 1066 688 1325 742; x_wconf 88' lang='lat' dir='ltr'><strong>honorem</strong></span> <span class='ocrx_word' id='word_1_54' title='bbox 1358 689 1471 741; x_wconf 91' lang='lat' dir='ltr'><strong>eius</strong></span> <span class='ocrx_word' id='word_1_55' title='bbox 1502 688 1602 741; x_wconf 88' lang='lat' dir='ltr'><strong>tibi</strong></span> <span class='ocrx_word' id='word_1_56' title='bbox 1639 688 1847 741; x_wconf 88' lang='lat' dir='ltr'><strong>laturus</strong></span> 
     </span>
     <span class='ocr_line' id='line_1_9' title="bbox 48 758 1846 832; baseline 0.001 -19"><span class='ocrx_word' id='word_1_57' title='bbox 48 758 55 826; x_wconf 62' lang='lat' dir='ltr'><strong>&#39;j</strong></span> <span class='ocrx_word' id='word_1_58' title='bbox 75 762 351 828; x_wconf 87' lang='lat' dir='ltr'><strong>acceptum</strong></span> <span class='ocrx_word' id='word_1_59' title='bbox 391 762 505 814; x_wconf 47' lang='lat' dir='ltr'><strong>est.*</strong></span> <span class='ocrx_word' id='word_1_60' title='bbox 548 760 714 813; x_wconf 89' lang='lat' dir='ltr'><strong>cludit</strong></span> <span class='ocrx_word' id='word_1_61' title='bbox 749 761 1003 814; x_wconf 90' lang='lat' dir='ltr'><strong>uolumen</strong></span> <span class='ocrx_word' id='word_1_62' title='bbox 1043 761 1420 831; x_wconf 86' lang='lat' dir='ltr'><strong>genethliacon</strong></span> <span class='ocrx_word' id='word_1_63' title='bbox 1450 761 1667 830; x_wconf 87' lang='lat' dir='ltr'><strong>Lucani,</strong></span> <span class='ocrx_word' id='word_1_64' title='bbox 1705 762 1846 832; x_wconf 92' lang='lat' dir='ltr'><strong>quod</strong></span> 
     </span>
     <span class='ocr_line' id='line_1_10' title="bbox 52 827 1934 904; baseline 0.002 -18"><span class='ocrx_word' id='word_1_65' title='bbox 52 827 227 887; x_wconf 63' lang='lat' dir='ltr'><strong>*Polla</strong></span> <span class='ocrx_word' id='word_1_66' title='bbox 250 832 592 903; x_wconf 73' lang='lat' dir='ltr'><strong>Argentaria,</strong></span> <span class='ocrx_word' id='word_1_67' title='bbox 621 834 917 887; x_wconf 90' lang='lat' dir='ltr'><strong>clarissima</strong></span> <span class='ocrx_word' id='word_1_68' title='bbox 946 853 1186 904; x_wconf 87' lang='lat' dir='ltr'><strong>uxorum,</strong></span> <span class='ocrx_word' id='word_1_69' title='bbox 1217 854 1338 889; x_wconf 90' lang='lat' dir='ltr'><strong>cum</strong></span> <span class='ocrx_word' id='word_1_70' title='bbox 1368 835 1512 888; x_wconf 89' lang='lat' dir='ltr'><strong>hunc</strong></span> <span class='ocrx_word' id='word_1_71' title='bbox 1536 835 1677 888; x_wconf 91' lang='lat' dir='ltr'><strong>diem</strong></span> <span class='ocrx_word' id='word_1_72' title='bbox 1707 836 1846 889; x_wconf 87' lang='lat' dir='ltr'><strong>forte</strong></span> <span class='ocrx_word' id='word_1_73' title='bbox 1877 853 1934 894; x_wconf 77' lang='lat'><strong>25</strong></span> 
     </span>
     <span class='ocr_line' id='line_1_11' title="bbox 53 907 1845 979; baseline 0.001 -19"><span class='ocrx_word' id='word_1_74' title='bbox 53 924 527 976; x_wconf 79' lang='lat' dir='ltr'><strong>consecraremus,</strong></span> <span class='ocrx_word' id='word_1_75' title='bbox 565 907 818 977; x_wconf 87' lang='lat' dir='ltr'><strong>imputari</strong></span> <span class='ocrx_word' id='word_1_76' title='bbox 858 908 960 962; x_wconf 90' lang='lat' dir='ltr'><strong>sibi</strong></span> <span class='ocrx_word' id='word_1_77' title='bbox 999 910 1185 962; x_wconf 90' lang='lat' dir='ltr'><strong>uoluit.</strong></span> <span class='ocrx_word' id='word_1_78' title='bbox 1257 926 1356 979; x_wconf 83' lang='lat' dir='ltr'><strong>ego</strong></span> <span class='ocrx_word' id='word_1_79' title='bbox 1395 927 1506 963; x_wconf 91' lang='lat' dir='ltr'><strong>non</strong></span> <span class='ocrx_word' id='word_1_80' title='bbox 1545 910 1697 978; x_wconf 89' lang='lat' dir='ltr'><strong>potui</strong></span> <span class='ocrx_word' id='word_1_81' title='bbox 1736 927 1845 962; x_wconf 88' lang='lat' dir='ltr'><strong>ma·</strong></span> 
     </span>
     <span class='ocr_line' id='line_1_12' title="bbox 56 978 1847 1053; baseline 0.001 -20"><span class='ocrx_word' id='word_1_82' title='bbox 56 978 240 1034; x_wconf 72' lang='lat' dir='ltr'><strong>&#39;iorem</strong></span> <span class='ocrx_word' id='word_1_83' title='bbox 292 981 434 1034; x_wconf 87' lang='lat' dir='ltr'><strong>tanti</strong></span> <span class='ocrx_word' id='word_1_84' title='bbox 503 982 735 1035; x_wconf 87' lang='lat' dir='ltr'><strong>auctoris</strong></span> <span class='ocrx_word' id='word_1_85' title='bbox 803 981 1001 1035; x_wconf 89' lang='lat' dir='ltr'><strong>habere</strong></span> <span class='ocrx_word' id='word_1_86' title='bbox 1063 984 1420 1036; x_wconf 88' lang='lat' dir='ltr'><strong>reuerentiam</strong></span> <span class='ocrx_word' id='word_1_87' title='bbox 1482 1001 1643 1053; x_wconf 88' lang='lat' dir='ltr'><strong>quam</strong></span> <span class='ocrx_word' id='word_1_88' title='bbox 1705 982 1847 1052; x_wconf 92' lang='lat' dir='ltr'><strong>quod</strong></span> 
     </span>
     <span class='ocr_line' id='line_1_13' title="bbox 46 1053 1849 1126; baseline 0.002 -20"><span class='ocrx_word' id='word_1_89' title='bbox 46 1053 256 1118; x_wconf 50' lang='lat' dir='ltr'><strong>&amp;laudes</strong></span> <span class='ocrx_word' id='word_1_90' title='bbox 289 1056 402 1107; x_wconf 86' lang='lat' dir='ltr'><strong>eius</strong></span> <span class='ocrx_word' id='word_1_91' title='bbox 435 1053 672 1109; x_wconf 88' lang='lat' dir='ltr'><strong>dicturus</strong></span> <span class='ocrx_word' id='word_1_92' title='bbox 704 1055 1041 1109; x_wconf 86' lang='lat' dir='ltr'><strong>hexametros</strong></span> <span class='ocrx_word' id='word_1_93' title='bbox 1074 1075 1221 1110; x_wconf 91' lang='lat' dir='ltr'><strong>meos</strong></span> <span class='ocrx_word' id='word_1_94' title='bbox 1252 1057 1426 1110; x_wconf 91' lang='lat' dir='ltr'><strong>timui.</strong></span> <span class='ocrx_word' id='word_1_95' title='bbox 1485 1056 1619 1110; x_wconf 89' lang='lat' dir='ltr'><strong>haec</strong></span> <span class='ocrx_word' id='word_1_96' title='bbox 1649 1056 1849 1126; x_wconf 87' lang='lat' dir='ltr'><strong>qualia·</strong></span> 
     </span>
     <span class='ocr_line' id='line_1_14' title="bbox 49 1128 1849 1200; baseline 0.001 -20"><span class='ocrx_word' id='word_1_97' title='bbox 49 1134 298 1197; x_wconf 76' lang='lat' dir='ltr'><strong>‘cumque</strong></span> <span class='ocrx_word' id='word_1_98' title='bbox 350 1132 498 1198; x_wconf 89' lang='lat' dir='ltr'><strong>sunt,</strong></span> <span class='ocrx_word' id='word_1_99' title='bbox 537 1128 730 1182; x_wconf 86' lang='lat' dir='ltr'><strong>Melior</strong></span> <span class='ocrx_word' id='word_1_100' title='bbox 769 1130 1059 1199; x_wconf 88' lang='lat' dir='ltr'><strong>carissime,</strong></span> <span class='ocrx_word' id='word_1_101' title='bbox 1098 1130 1143 1183; x_wconf 90' lang='lat' dir='ltr'><strong>si</strong></span> <span class='ocrx_word' id='word_1_102' title='bbox 1182 1131 1282 1183; x_wconf 90' lang='lat' dir='ltr'><strong>tibi</strong></span> <span class='ocrx_word' id='word_1_103' title='bbox 1319 1149 1430 1184; x_wconf 89' lang='lat' dir='ltr'><strong>non</strong></span> <span class='ocrx_word' id='word_1_104' title='bbox 1468 1130 1849 1200; x_wconf 83' lang='lat' dir='ltr'><strong>displicuerint,</strong></span> 
     </span>
     <span class='ocr_line' id='line_1_15' title="bbox 50 1201 1935 1272; baseline 0.002 -18"><span class='ocrx_word' id='word_1_105' title='bbox 50 1218 106 1258; x_wconf 49' lang='lat' dir='ltr'><strong>¹a</strong></span> <span class='ocrx_word' id='word_1_106' title='bbox 143 1203 199 1254; x_wconf 90' lang='lat' dir='ltr'><strong>te</strong></span> <span class='ocrx_word' id='word_1_107' title='bbox 236 1201 512 1271; x_wconf 88' lang='lat' dir='ltr'><strong>publicum</strong></span> <span class='ocrx_word' id='word_1_108' title='bbox 551 1203 836 1272; x_wconf 82' lang='lat' dir='ltr'><strong>accipiant3</strong></span> <span class='ocrx_word' id='word_1_109' title='bbox 876 1204 922 1256; x_wconf 88' lang='lat' dir='ltr'><strong>si</strong></span> <span class='ocrx_word' id='word_1_110' title='bbox 959 1204 1153 1272; x_wconf 90' lang='lat' dir='ltr'><strong>minus,</strong></span> <span class='ocrx_word' id='word_1_111' title='bbox 1194 1203 1260 1257; x_wconf 87' lang='lat' dir='ltr'><strong>ad</strong></span> <span class='ocrx_word' id='word_1_112' title='bbox 1299 1222 1382 1257; x_wconf 91' lang='lat' dir='ltr'><strong>me</strong></span> <span class='ocrx_word' id='word_1_113' title='bbox 1421 1208 1773 1257; x_wconf 71' lang='lat' dir='ltr'><strong>reuertentur.</strong></span> <span class='ocrx_word' id='word_1_114' title='bbox 1879 1221 1935 1262; x_wconf 87' lang='lat'><strong>30</strong></span> 
     </span>
    </p>
   </div>
   <div class='ocr_carea' id='block_1_4' title="bbox 782 1338 1121 1345">
    <p class='ocr_par' dir='ltr' id='par_1_4' title="bbox 782 1338 1121 1345">
     <span class='ocr_line' id='line_1_16' title="bbox 782 1338 1121 1345; baseline 0 1761"><span class='ocrx_word' id='word_1_115' title='bbox 782 1338 1121 1345; x_wconf 95' lang='lat' dir='ltr'><strong> </strong></span> 
     </span>
    </p>
   </div>
   <div class='ocr_carea' id='block_1_5' title="bbox 933 1421 974 1475">
    <p class='ocr_par' dir='ltr' id='par_1_5' title="bbox 933 1421 974 1475">
     <span class='ocr_line' id='line_1_17' title="bbox 933 1421 974 1475; baseline -0.024 0"><span class='ocrx_word' id='word_1_116' title='bbox 933 1421 974 1475; x_wconf 93' lang='grc' dir='ltr'><strong>Ι.</strong></span> 
     </span>
    </p>
   </div>
   <div class='ocr_carea' id='block_1_6' title="bbox 347 1535 1575 1584">
    <p class='ocr_par' dir='ltr' id='par_1_6' title="bbox 347 1535 1575 1584">
     <span class='ocr_line' id='line_1_18' title="bbox 347 1535 1575 1584; baseline 0.002 -2"><span class='ocrx_word' id='word_1_117' title='bbox 347 1535 647 1582; x_wconf 83' lang='lat' dir='ltr'><strong>GLAUCIAS</strong></span> <span class='ocrx_word' id='word_1_118' title='bbox 680 1536 886 1581; x_wconf 89' lang='lat' dir='ltr'><strong>ATEDII</strong></span> <span class='ocrx_word' id='word_1_119' title='bbox 917 1537 1207 1583; x_wconf 87' lang='lat' dir='ltr'><strong>MELIORIS</strong></span> <span class='ocrx_word' id='word_1_120' title='bbox 1240 1538 1575 1584; x_wconf 89' lang='lat' dir='ltr'>DELICATUS</span> 
     </span>
    </p>
   </div>
   <div class='ocr_carea' id='block_1_7' title="bbox 25 1616 1937 2651">
    <p class='ocr_par' dir='ltr' id='par_1_7' title="bbox 55 1616 1493 1698">
     <span class='ocr_line' id='line_1_19' title="bbox 55 1616 1493 1698; baseline 0.003 -20"><span class='ocrx_word' id='word_1_121' title='bbox 55 1616 227 1695; x_wconf 40' lang='lat' dir='ltr'><strong>“Quod</strong></span> <span class='ocrx_word' id='word_1_122' title='bbox 264 1625 366 1680; x_wconf 86' lang='lat' dir='ltr'><strong>tibi</strong></span> <span class='ocrx_word' id='word_1_123' title='bbox 404 1627 693 1696; x_wconf 87' lang='lat' dir='ltr'><strong>praerepti,</strong></span> <span class='ocrx_word' id='word_1_124' title='bbox 732 1627 949 1696; x_wconf 89' lang='lat' dir='ltr'><strong>Melior,</strong></span> <span class='ocrx_word' id='word_1_125' title='bbox 989 1629 1229 1682; x_wconf 88' lang='lat' dir='ltr'><strong>solamen</strong></span> <span class='ocrx_word' id='word_1_126' title='bbox 1268 1630 1493 1698; x_wconf 89' lang='lat' dir='ltr'><strong>alumni,</strong></span> 
     </span>
    </p>

    <p class='ocr_par' dir='ltr' id='par_1_8' title="bbox 71 1697 1486 1770">
     <span class='ocr_line' id='line_1_20' title="bbox 71 1697 1486 1770; baseline 0.002 -18"><span class='ocrx_word' id='word_1_127' title='bbox 71 1697 338 1768; x_wconf 91' lang='lat' dir='ltr'><strong>Inprobus</strong></span> <span class='ocrx_word' id='word_1_128' title='bbox 378 1704 503 1752; x_wconf 87' lang='lat' dir='ltr'><strong>ante</strong></span> <span class='ocrx_word' id='word_1_129' title='bbox 540 1718 703 1770; x_wconf 86' lang='lat' dir='ltr'><strong>rogos</strong></span> <span class='ocrx_word' id='word_1_130' title='bbox 743 1704 797 1753; x_wconf 94' lang='lat' dir='ltr'><strong>et</strong></span> <span class='ocrx_word' id='word_1_131' title='bbox 836 1701 1006 1755; x_wconf 88' lang='lat' dir='ltr'><strong>adhuc</strong></span> <span class='ocrx_word' id='word_1_132' title='bbox 1046 1702 1260 1755; x_wconf 90' lang='lat' dir='ltr'><strong>uiuente</strong></span> <span class='ocrx_word' id='word_1_133' title='bbox 1298 1703 1486 1756; x_wconf 86' lang='lat' dir='ltr'><strong>fauilla</strong></span> 
     </span>
    </p>

    <p class='ocr_par' dir='ltr' id='par_1_9' title="bbox 61 1771 1380 1843">
     <span class='ocr_line' id='line_1_21' title="bbox 61 1771 1380 1843; baseline 0.002 -18"><span class='ocrx_word' id='word_1_134' title='bbox 61 1771 304 1840; x_wconf 25' lang='lat' dir='ltr'><strong>&#39;Ordiar‘e</strong></span> <span class='ocrx_word' id='word_1_135' title='bbox 344 1773 588 1843; x_wconf 88' lang='lat' dir='ltr'><strong>abruptis</strong></span> <span class='ocrx_word' id='word_1_136' title='bbox 629 1775 790 1827; x_wconf 87' lang='lat' dir='ltr'><strong>etiam</strong></span> <span class='ocrx_word' id='word_1_137' title='bbox 829 1793 973 1828; x_wconf 88' lang='lat' dir='ltr'><strong>nunc</strong></span> <span class='ocrx_word' id='word_1_138' title='bbox 1011 1775 1190 1829; x_wconf 88' lang='lat' dir='ltr'><strong>flebile</strong></span> <span class='ocrx_word' id='word_1_139' title='bbox 1229 1777 1380 1829; x_wconf 89' lang='lat' dir='ltr'><strong>uenis</strong></span> 
     </span>
    </p>

    <p class='ocr_par' dir='ltr' id='par_1_10' title="bbox 25 1844 1623 1920">
     <span class='ocr_line' id='line_1_22' title="bbox 25 1844 1623 1920; baseline 0.003 -22"><span class='ocrx_word' id='word_1_140' title='bbox 25 1848 29 1893; x_wconf 71' lang='grc' dir='ltr'><em>ζ</em></span> <span class='ocrx_word' id='word_1_141' title='bbox 72 1844 282 1899; x_wconf 88' lang='lat' dir='ltr'><strong>Uulnus</strong></span> <span class='ocrx_word' id='word_1_142' title='bbox 322 1846 452 1915; x_wconf 86' lang='lat' dir='ltr'><strong>hiat,</strong></span> <span class='ocrx_word' id='word_1_143' title='bbox 491 1864 824 1917; x_wconf 81' lang='lat' dir='ltr'><strong>magnaeque</strong></span> <span class='ocrx_word' id='word_1_144' title='bbox 862 1851 1013 1916; x_wconf 89' lang='lat' dir='ltr'><strong>patet</strong></span> <span class='ocrx_word' id='word_1_145' title='bbox 1050 1850 1138 1901; x_wconf 89' lang='lat' dir='ltr'><strong>uia</strong></span> <span class='ocrx_word' id='word_1_146' title='bbox 1174 1850 1379 1903; x_wconf 85' lang='lat' dir='ltr'><strong>lubrica</strong></span> <span class='ocrx_word' id='word_1_147' title='bbox 1416 1851 1623 1920; x_wconf 85' lang='lat' dir='ltr'><strong>plagae.</strong></span> 
     </span>
    </p>

    <p class='ocr_par' dir='ltr' id='par_1_11' title="bbox 27 1917 1937 2064">
     <span class='ocr_line' id='line_1_23' title="bbox 27 1917 1937 1989; baseline 0.005 -18"><span class='ocrx_word' id='word_1_148' title='bbox 27 1958 29 1967; x_wconf 36' lang='lat' dir='ltr'><em>s</em></span> <span class='ocrx_word' id='word_1_149' title='bbox 73 1917 207 1972; x_wconf 87' lang='lat' dir='ltr'><strong>Cum</strong></span> <span class='ocrx_word' id='word_1_150' title='bbox 244 1919 353 1973; x_wconf 89' lang='lat' dir='ltr'><strong>iam</strong></span> <span class='ocrx_word' id='word_1_151' title='bbox 392 1924 606 1989; x_wconf 85' lang='lat' dir='ltr'><strong>egomet</strong></span> <span class='ocrx_word' id='word_1_152' title='bbox 643 1924 832 1974; x_wconf 87' lang='lat' dir='ltr'><strong>cantus</strong></span> <span class='ocrx_word' id='word_1_153' title='bbox 871 1926 926 1973; x_wconf 88' lang='lat' dir='ltr'><strong>et</strong></span> <span class='ocrx_word' id='word_1_154' title='bbox 963 1923 1127 1975; x_wconf 87' lang='lat' dir='ltr'><strong>uerba</strong></span> <span class='ocrx_word' id='word_1_155' title='bbox 1165 1923 1430 1976; x_wconf 89' lang='lat' dir='ltr'><strong>medentia</strong></span> <span class='ocrx_word' id='word_1_156' title='bbox 1469 1925 1645 1978; x_wconf 88' lang='lat' dir='ltr'><strong>saeuis</strong></span> <span class='ocrx_word' id='word_1_157' title='bbox 1909 1939 1937 1982; x_wconf 76' lang='lat'><strong>5</strong></span> 
     </span>
     <span class='ocr_line' id='line_1_24' title="bbox 74 1990 1496 2064; baseline 0.004 -19"><span class='ocrx_word' id='word_1_158' title='bbox 74 1990 322 2062; x_wconf 86' lang='lat' dir='ltr'><strong>Confero,</strong></span> <span class='ocrx_word' id='word_1_159' title='bbox 358 1995 418 2045; x_wconf 91' lang='lat' dir='ltr'><strong>tu</strong></span> <span class='ocrx_word' id='word_1_160' title='bbox 455 1993 704 2062; x_wconf 87' lang='lat' dir='ltr'><strong>planctus</strong></span> <span class='ocrx_word' id='word_1_161' title='bbox 742 1995 1086 2064; x_wconf 88' lang='lat' dir='ltr'><strong>lamentaque</strong></span> <span class='ocrx_word' id='word_1_162' title='bbox 1124 1996 1287 2049; x_wconf 88' lang='lat' dir='ltr'><strong>fortia</strong></span> <span class='ocrx_word' id='word_1_163' title='bbox 1325 1999 1496 2050; x_wconf 90' lang='lat' dir='ltr'><strong>mauis</strong></span> 
     </span>
    </p>

    <p class='ocr_par' dir='ltr' id='par_1_12' title="bbox 28 2065 1360 2137">
     <span class='ocr_line' id='line_1_25' title="bbox 28 2065 1360 2137; baseline 0.005 -20"><span class='ocrx_word' id='word_1_164' title='bbox 28 2073 29 2085; x_wconf 65' lang='lat'>¹</span> <span class='ocrx_word' id='word_1_165' title='bbox 73 2065 350 2135; x_wconf 88' lang='lat' dir='ltr'><strong>Odistique</strong></span> <span class='ocrx_word' id='word_1_166' title='bbox 389 2065 584 2134; x_wconf 89' lang='lat' dir='ltr'><strong>chelyn</strong></span> <span class='ocrx_word' id='word_1_167' title='bbox 622 2066 885 2137; x_wconf 91' lang='lat' dir='ltr'><strong>surdaque</strong></span> <span class='ocrx_word' id='word_1_168' title='bbox 925 2071 1180 2121; x_wconf 88' lang='lat' dir='ltr'><strong>auerteris</strong></span> <span class='ocrx_word' id='word_1_169' title='bbox 1220 2088 1360 2123; x_wconf 89' lang='lat' dir='ltr'><strong>aure.</strong></span> 
     </span>
    </p>

    <p class='ocr_par' dir='ltr' id='par_1_13' title="bbox 28 2138 1359 2210">
     <span class='ocr_line' id='line_1_26' title="bbox 28 2138 1359 2210; baseline 0.004 -19"><span class='ocrx_word' id='word_1_170' title='bbox 28 2142 29 2166; x_wconf 73' lang='lat'>³</span> <span class='ocrx_word' id='word_1_171' title='bbox 71 2138 406 2208; x_wconf 87' lang='lat' dir='ltr'><strong>Intempesta</strong></span> <span class='ocrx_word' id='word_1_172' title='bbox 444 2157 599 2192; x_wconf 87' lang='lat' dir='ltr'><strong>cano:</strong></span> <span class='ocrx_word' id='word_1_173' title='bbox 639 2140 795 2193; x_wconf 86' lang='lat' dir='ltr'><strong>citius</strong></span> <span class='ocrx_word' id='word_1_174' title='bbox 834 2159 920 2193; x_wconf 91' lang='lat' dir='ltr'><strong>me</strong></span> <span class='ocrx_word' id='word_1_175' title='bbox 956 2142 1113 2210; x_wconf 86' lang='lat' dir='ltr'><strong>tigris</strong></span> <span class='ocrx_word' id='word_1_176' title='bbox 1153 2143 1359 2196; x_wconf 90' lang='lat' dir='ltr'><strong>abactis</strong></span> 
     </span>
    </p>

    <p class='ocr_par' dir='ltr' id='par_1_14' title="bbox 28 2210 1271 2282">
     <span class='ocr_line' id='line_1_27' title="bbox 28 2210 1271 2282; baseline 0.003 -18"><span class='ocrx_word' id='word_1_177' title='bbox 28 2246 29 2249; x_wconf 61' lang='lat'><em>=</em></span> <span class='ocrx_word' id='word_1_178' title='bbox 71 2210 292 2265; x_wconf 86' lang='lat' dir='ltr'><strong>Fetibus</strong></span> <span class='ocrx_word' id='word_1_179' title='bbox 332 2212 609 2282; x_wconf 89' lang='lat' dir='ltr'><strong>orbatique</strong></span> <span class='ocrx_word' id='word_1_180' title='bbox 647 2214 818 2266; x_wconf 90' lang='lat' dir='ltr'><strong>uelint</strong></span> <span class='ocrx_word' id='word_1_181' title='bbox 856 2214 1038 2267; x_wconf 88' lang='lat' dir='ltr'><strong>audire</strong></span> <span class='ocrx_word' id='word_1_182' title='bbox 1075 2215 1271 2269; x_wconf 79' lang='lat' dir='ltr'><strong>leones,</strong></span> 
     </span>
    </p>

    <p class='ocr_par' dir='ltr' id='par_1_15' title="bbox 28 2283 1936 2432">
     <span class='ocr_line' id='line_1_28' title="bbox 28 2283 1936 2358; baseline 0.004 -21"><span class='ocrx_word' id='word_1_183' title='bbox 28 2347 29 2351; x_wconf 10' lang='grc' dir='ltr'><strong>Ἰ</strong></span> <span class='ocrx_word' id='word_1_184' title='bbox 71 2283 184 2337; x_wconf 89' lang='lat' dir='ltr'><strong>Nec</strong></span> <span class='ocrx_word' id='word_1_185' title='bbox 222 2285 269 2338; x_wconf 93' lang='lat' dir='ltr'><strong>si</strong></span> <span class='ocrx_word' id='word_1_186' title='bbox 305 2286 663 2355; x_wconf 84' lang='lat' dir='ltr'><strong>tergeminum</strong></span> <span class='ocrx_word' id='word_1_187' title='bbox 703 2285 882 2339; x_wconf 84' lang='lat' dir='ltr'><strong>Sicula</strong></span> <span class='ocrx_word' id='word_1_188' title='bbox 920 2287 983 2339; x_wconf 90' lang='lat' dir='ltr'><strong>de</strong></span> <span class='ocrx_word' id='word_1_189' title='bbox 1022 2288 1230 2358; x_wconf 86' lang='lat' dir='ltr'><strong>uirgine</strong></span> <span class='ocrx_word' id='word_1_190' title='bbox 1270 2307 1484 2343; x_wconf 88' lang='lat' dir='ltr'><strong>carmen</strong></span> <span class='ocrx_word' id='word_1_191' title='bbox 1880 2311 1936 2354; x_wconf 90' lang='lat'><strong>10</strong></span> 
     </span>
     <span class='ocr_line' id='line_1_29' title="bbox 52 2357 1429 2432; baseline 0.004 -22"><span class='ocrx_word' id='word_1_192' title='bbox 52 2357 279 2411; x_wconf 79' lang='lat' dir='ltr'><strong>&#39;Affluat</strong></span> <span class='ocrx_word' id='word_1_193' title='bbox 317 2362 412 2411; x_wconf 90' lang='lat' dir='ltr'><strong>aut</strong></span> <span class='ocrx_word' id='word_1_194' title='bbox 450 2359 601 2412; x_wconf 89' lang='lat' dir='ltr'><strong>siluis</strong></span> <span class='ocrx_word' id='word_1_195' title='bbox 641 2359 824 2429; x_wconf 85' lang='lat' dir='ltr'><strong>chelys</strong></span> <span class='ocrx_word' id='word_1_196' title='bbox 863 2362 1136 2414; x_wconf 85' lang='lat' dir='ltr'><strong>intellecta</strong></span> <span class='ocrx_word' id='word_1_197' title='bbox 1174 2363 1429 2432; x_wconf 88' lang='lat' dir='ltr'><strong>ferisque,</strong></span> 
     </span>
    </p>

    <p class='ocr_par' dir='ltr' id='par_1_16' title="bbox 53 2429 1533 2503">
     <span class='ocr_line' id='line_1_30' title="bbox 53 2429 1533 2503; baseline 0.006 -21"><span class='ocrx_word' id='word_1_198' title='bbox 53 2429 308 2485; x_wconf 85' lang='lat' dir='ltr'><strong>.Mulceat</strong></span> <span class='ocrx_word' id='word_1_199' title='bbox 344 2432 568 2486; x_wconf 87' lang='lat' dir='ltr'><strong>insanos</strong></span> <span class='ocrx_word' id='word_1_200' title='bbox 607 2434 856 2503; x_wconf 77' lang='lat' dir='ltr'><strong>gemitus,</strong></span> <span class='ocrx_word' id='word_1_201' title='bbox 911 2438 1022 2487; x_wconf 89' lang='lat' dir='ltr'><strong>stat</strong></span> <span class='ocrx_word' id='word_1_202' title='bbox 1058 2438 1273 2503; x_wconf 88' lang='lat' dir='ltr'><strong>pectore</strong></span> <span class='ocrx_word' id='word_1_203' title='bbox 1313 2437 1533 2491; x_wconf 88' lang='lat' dir='ltr'><strong>demens</strong></span> 
     </span>
    </p>

    <p class='ocr_par' dir='ltr' id='par_1_17' title="bbox 71 2502 1408 2576">
     <span class='ocr_line' id='line_1_31' title="bbox 71 2502 1408 2576; baseline 0.004 -20"><span class='ocrx_word' id='word_1_204' title='bbox 71 2502 270 2558; x_wconf 88' lang='lat' dir='ltr'><strong>Luctus</strong></span> <span class='ocrx_word' id='word_1_205' title='bbox 309 2507 364 2557; x_wconf 90' lang='lat' dir='ltr'><strong>et</strong></span> <span class='ocrx_word' id='word_1_206' title='bbox 402 2504 617 2558; x_wconf 88' lang='lat' dir='ltr'><strong>admoto</strong></span> <span class='ocrx_word' id='word_1_207' title='bbox 656 2507 859 2559; x_wconf 85' lang='lat' dir='ltr'><strong>latrant</strong></span> <span class='ocrx_word' id='word_1_208' title='bbox 895 2509 1208 2576; x_wconf 86' lang='lat' dir='ltr'><strong>praecordia</strong></span> <span class='ocrx_word' id='word_1_209' title='bbox 1247 2515 1408 2563; x_wconf 86' lang='lat' dir='ltr'><strong>tactu.</strong></span> 
     </span>
    </p>

    <p class='ocr_par' dir='ltr' id='par_1_18' title="bbox 71 2575 1526 2651">
     <span class='ocr_line' id='line_1_32' title="bbox 71 2575 1526 2651; baseline 0.005 -22"><span class='ocrx_word' id='word_1_210' title='bbox 71 2575 244 2631; x_wconf 90' lang='lat' dir='ltr'><strong>Nemo</strong></span> <span class='ocrx_word' id='word_1_211' title='bbox 283 2580 457 2631; x_wconf 90' lang='lat' dir='ltr'><strong>uetat:</strong></span> <span class='ocrx_word' id='word_1_212' title='bbox 497 2582 691 2631; x_wconf 88' lang='lat' dir='ltr'><strong>satiare</strong></span> <span class='ocrx_word' id='word_1_213' title='bbox 730 2581 886 2633; x_wconf 88' lang='lat' dir='ltr'><strong>malis</strong></span> <span class='ocrx_word' id='word_1_214' title='bbox 926 2599 1249 2651; x_wconf 83' lang='lat' dir='ltr'><strong>aegrumque</strong></span> <span class='ocrx_word' id='word_1_215' title='bbox 1290 2583 1526 2636; x_wconf 87' lang='lat' dir='ltr'><strong>dolorem</strong></span> 
     </span>
    </p>
   </div>
   <div class='ocr_carea' id='block_1_8' title="bbox 68 2679 467 2688">
    <p class='ocr_par' dir='ltr' id='par_1_19' title="bbox 68 2679 467 2688">
     <span class='ocr_line' id='line_1_33' title="bbox 68 2679 467 2688; baseline 0 418"><span class='ocrx_word' id='word_1_216' title='bbox 68 2679 467 2688; x_wconf 95' lang='lat' dir='ltr'><strong> </strong></span> 
     </span>
    </p>
   </div>
   <div class='ocr_carea' id='block_1_9' title="bbox 48 2706 1845 2956">
    <p class='ocr_par' dir='ltr' id='par_1_20' title="bbox 48 2706 1845 2894">
     <span class='ocr_line' id='line_1_34' title="bbox 48 2706 1845 2784; baseline 0.007 -20"><span class='ocrx_word' id='word_1_217' title='bbox 48 2706 64 2744; x_wconf 44' lang='grc' dir='ltr'><strong>ἲ·</strong></span> <span class='ocrx_word' id='word_1_218' title='bbox 189 2725 247 2765; x_wconf 82' lang='lat'><strong>24</strong></span> <span class='ocrx_word' id='word_1_219' title='bbox 277 2723 468 2779; x_wconf 88' lang='lat' dir='ltr'><strong>accepto</strong></span> <span class='ocrx_word' id='word_1_220' title='bbox 501 2728 529 2766; x_wconf 98' lang='grc'><strong>0</strong></span> <span class='ocrx_word' id='word_1_221' title='bbox 561 2738 601 2779; x_wconf 77' lang='lat' dir='ltr'><strong>a,</strong></span> <span class='ocrx_word' id='word_1_222' title='bbox 633 2737 745 2770; x_wconf 85' lang='lat' dir='ltr'><strong>corr.</strong></span> <span class='ocrx_word' id='word_1_223' title='bbox 778 2725 912 2769; x_wconf 88' lang='lat' dir='ltr'><strong>Dom.</strong></span> <span class='ocrx_word' id='word_1_224' title='bbox 956 2726 962 2781; x_wconf 89' lang='grc' dir='ltr'>Ι</span> <span class='ocrx_word' id='word_1_225' title='bbox 1006 2727 1087 2772; x_wconf 90' lang='lat' dir='ltr'><strong>est.</strong></span> <span class='ocrx_word' id='word_1_226' title='bbox 1121 2726 1269 2771; x_wconf 86' lang='lat' dir='ltr'><strong>cludit</strong></span> <span class='ocrx_word' id='word_1_227' title='bbox 1302 2728 1605 2784; x_wconf 74' lang='lat' dir='ltr'><strong>Maduzyius:</strong></span> <span class='ocrx_word' id='word_1_228' title='bbox 1637 2730 1845 2777; x_wconf 82' lang='lat' dir='ltr'><strong>excludit</strong></span> 
     </span>
     <span class='ocr_line' id='line_1_35' title="bbox 58 2779 1842 2838; baseline 0.008 -18"><span class='ocrx_word' id='word_1_229' title='bbox 58 2782 100 2820; x_wconf 85' lang='grc'><strong>’0</strong></span> <span class='ocrx_word' id='word_1_230' title='bbox 131 2793 158 2821; x_wconf 77' lang='lat' dir='ltr'><strong>a</strong></span> <span class='ocrx_word' id='word_1_231' title='bbox 179 2779 196 2835; x_wconf 82' lang='grc' dir='ltr'><strong>ΙΙ</strong></span> <span class='ocrx_word' id='word_1_232' title='bbox 218 2784 274 2824; x_wconf 82' lang='lat'><strong>25</strong></span> <span class='ocrx_word' id='word_1_233' title='bbox 306 2780 479 2825; x_wconf 86' lang='lat' dir='ltr'><strong>clariss.</strong></span> <span class='ocrx_word' id='word_1_234' title='bbox 514 2786 570 2825; x_wconf 80' lang='lat' dir='ltr'><strong>A:</strong></span> <span class='ocrx_word' id='word_1_235' title='bbox 605 2783 757 2827; x_wconf 76' lang='lat' dir='ltr'><strong>cai-iss.</strong></span> <span class='ocrx_word' id='word_1_236' title='bbox 792 2788 821 2825; x_wconf 92' lang='grc'><strong>0</strong></span> <span class='ocrx_word' id='word_1_237' title='bbox 851 2785 867 2838; x_wconf 83' lang='grc' dir='ltr'><strong>ΙΙ</strong></span> <span class='ocrx_word' id='word_1_238' title='bbox 898 2789 954 2828; x_wconf 79' lang='grc'><strong>26</strong></span> <span class='ocrx_word' id='word_1_239' title='bbox 987 2798 1358 2830; x_wconf 82' lang='lat' dir='ltr'><strong>consecraremus</strong></span> <span class='ocrx_word' id='word_1_240' title='bbox 1389 2788 1647 2833; x_wconf 77' lang='lat' dir='ltr'><strong>Auantms:</strong></span> <span class='ocrx_word' id='word_1_241' title='bbox 1682 2804 1842 2835; x_wconf 86' lang='lat' dir='ltr'><strong>consu-</strong></span> 
     </span>
     <span class='ocr_line' id='line_1_36' title="bbox 66 2836 1141 2894; baseline 0.007 -14"><span class='ocrx_word' id='word_1_242' title='bbox 66 2836 267 2882; x_wconf 88' lang='lat' dir='ltr'><strong>leremus</strong></span> <span class='ocrx_word' id='word_1_243' title='bbox 298 2843 328 2881; x_wconf 94' lang='grc'><strong>0</strong></span> <span class='ocrx_word' id='word_1_244' title='bbox 358 2843 413 2894; x_wconf 82' lang='lat' dir='ltr'><strong>et,</strong></span> <span class='ocrx_word' id='word_1_245' title='bbox 443 2844 495 2883; x_wconf 77' lang='lat' dir='ltr'><strong>ut</strong></span> <span class='ocrx_word' id='word_1_246' title='bbox 525 2842 638 2893; x_wconf 63' lang='lat' dir='ltr'><strong>uid„</strong></span> <span class='ocrx_word' id='word_1_247' title='bbox 668 2845 706 2885; x_wconf 75' lang='lat' dir='ltr'>A</span> <span class='ocrx_word' id='word_1_248' title='bbox 737 2843 1078 2886; x_wconf 87' lang='lat' dir='ltr'><strong>consideremus</strong></span> <span class='ocrx_word' id='word_1_249' title='bbox 1112 2848 1141 2887; x_wconf 84' lang='grc' dir='ltr'>ς</span> 
     </span>
    </p>

    <p class='ocr_par' dir='ltr' id='par_1_21' title="bbox 187 2897 1185 2956">
     <span class='ocr_line' id='line_1_37' title="bbox 187 2897 1185 2956; baseline 0.004 -16"><span class='ocrx_word' id='word_1_250' title='bbox 187 2897 221 2941; x_wconf 94' lang='grc' dir='ltr'><strong>Ι.</strong></span> <span class='ocrx_word' id='word_1_251' title='bbox 254 2900 301 2953; x_wconf 85' lang='grc'><strong>’5,</strong></span> <span class='ocrx_word' id='word_1_252' title='bbox 335 2903 360 2942; x_wconf 92' lang='grc'><strong>6</strong></span> <span class='ocrx_word' id='word_1_253' title='bbox 397 2911 562 2943; x_wconf 83' lang='lat' dir='ltr'><strong>saeuus</strong></span> <span class='ocrx_word' id='word_1_254' title='bbox 595 2900 665 2955; x_wconf 83' lang='grc' dir='ltr'><strong>(Δ)</strong></span> <span class='ocrx_word' id='word_1_255' title='bbox 701 2899 900 2945; x_wconf 87' lang='lat' dir='ltr'><strong>Consero</strong></span> <span class='ocrx_word' id='word_1_256' title='bbox 934 2905 975 2956; x_wconf 85' lang='grc'><strong>0,</strong></span> <span class='ocrx_word' id='word_1_257' title='bbox 1010 2915 1120 2945; x_wconf 79' lang='lat' dir='ltr'><strong>corr.</strong></span> <span class='ocrx_word' id='word_1_258' title='bbox 1158 2918 1185 2944; x_wconf 80' lang='lat' dir='ltr'><strong>a</strong></span> 
     </span>
    </p>
   </div>
   <div class='ocr_carea' id='block_1_10' title="bbox 38 3019 73 3106">
    <p class='ocr_par' dir='ltr' id='par_1_22' title="bbox 38 3019 73 3106">
     <span class='ocr_line' id='line_1_38' title="bbox 38 3019 73 3106; baseline 0 -68"><span class='ocrx_word' id='word_1_259' title='bbox 38 3019 73 3106; x_wconf 36' lang='grc' dir='ltr'>ἢ</span> 
     </span>
    </p>
   </div>
  </div>
 </body>
</html>
