1976 3094
179 84 285 139 136
763 85 813 131 P.
844 83 1074 130 ΡΑΡΙΝΙΙ
1106 83 1323 152 sTA'rns

176 207 458 264 Exanimis
500 224 678 277 genua
718 223 884 276 aegra
921 205 1086 276 rapit3
1128 205 1239 258 iam
1278 208 1426 259 certa
1463 205 1730 259 malorum
1780 219 1862 259 545

176 281 376 336 Mentis
417 282 485 334 ab
528 280 753 349 augurio
795 297 1089 348 sparsoque
1126 297 1224 348 per
1262 279 1445 334 omnia
1481 280 1603 334 visu
1925 296 1929 310 ··

175 355 401 409 Lustrat
438 356 666 408 humum
706 371 965 423 quaerens
1007 356 1062 407 et
1099 357 1233 408 nota
1270 354 1533 408 vocabula
1570 371 1738 424 parvo

174 429 520 499 Nequiquam
543 428 910 499 ingeminans:
934 446 1201 498 nusquam
1223 427 1341 497 ille,
1365 431 1421 482 et
1442 431 1604 498 prata
1626 431 1866 482 recentes

177 502 427 556 Amisere
466 505 642 556 notas.
717 502 896 555 Viridi
934 503 1092 573 piger
1130 503 1356 556 accubat
1394 502 1570 556 hostis

179 575 452 631 Collectus
494 594 633 648 gyro
675 577 1023 646 spatiosaque
1061 576 1251 647 iugera
1289 577 1547 647 complet,
1780 589 1866 631 550
1931 607 1933 610 -

178 650 266 705 Sic
306 652 470 705 etiam
510 651 734 720 obliqua
773 651 1035 705 cervicem
1075 653 1331 720 expostus
1370 652 1428 703 in
1467 652 1606 705 alvo.

175 724 407 779 Horruit
442 725 637 779 infelix
675 725 796 778 visu
833 726 1106 796 longoque
1145 725 1474 794 profundum

174 799 422 853 Incendit
462 799 699 853 clamore
736 817 950 870 nemus3
989 817 1091 852 nec
1129 799 1354 852 territus
1392 799 1512 869 ille,

178 872 282 927 Sed
322 874 479 927 iacet.
555 873 840 942 Argolicas
880 873 1124 927 ululatus
1163 873 1359 926 flebilis
1400 891 1557 926 aures

179 947 434 1017 Impulit3
477 948 747 1016 extemplo
787 949 997 1001 monitu
1037 947 1186 1001 ducis
1227 948 1444 1002 advolat
1482 947 1676 1000 ardens
1783 959 1868 1000 555

174 1021 346 1075 Arcas
387 1039 549 1091 eques
596 1040 918 1091 causamque
949 1022 1130 1075 refert.
1189 1021 1328 1075 Tum
1368 1039 1624 1092 squamea
1656 1021 1871 1074 demum

176 1094 387 1149 Torvus
428 1096 495 1150 ad
535 1114 810 1149 armorum
847 1096 1027 1149 radios
1066 1095 1447 1166 fremitumque
1485 1097 1725 1150 virorum

176 1167 333 1224 Colla
373 1173 578 1223 movet:
618 1170 765 1239 rapit
801 1170 1014 1240 ingenti
1054 1170 1336 1224 conamine
1376 1188 1588 1239 saxum,

177 1243 296 1307 Quo
338 1244 601 1297 discretus
643 1260 795 1314 ager,
834 1262 1140 1315 vacuasque
1177 1244 1413 1314 impellit
1452 1244 1510 1297 in
1549 1261 1707 1297 auras

176 1318 394 1371 Arduus
427 1317 832 1388 Hippomedon,
866 1337 970 1388 quo
1003 1318 1221 1372 turbine
1251 1318 1448 1372 bellica
1481 1318 1752 1388 quondam
1783 1330 1869 1372 560

174 1390 395 1445 Vibrati
435 1393 638 1446 saliunt
675 1395 958 1462 portarum
996 1394 1054 1445 in
1092 1393 1332 1447 claustra
1372 1393 1621 1446 molares.

179 1463 350 1520 Cassa
390 1466 539 1520 ducis
579 1467 773 1520 virtus:
813 1467 923 1520 iam
962 1467 1154 1521 mollia
1193 1468 1334 1521 colla
1371 1467 1585 1520 refusus

171 1539 238 1593 In
276 1543 492 1610 tergum
534 1559 753 1611 serpens
793 1542 1098 1595 venientem
1137 1545 1382 1595 evaserat
1418 1542 1599 1594 ictum.

172 1613 285 1668 Dat
325 1614 563 1667 sonitum
600 1615 791 1683 tellus,
828 1634 1219 1685 nemorumque
1257 1633 1355 1685 per
1394 1614 1516 1668 avia
1556 1614 1708 1668 densi

171 1687 485 1741 Dissultant
521 1707 705 1743 nexus,
782 1686 881 1742 ‘At
918 1707 1029 1742 non
1066 1707 1188 1742 mea
1225 1688 1467 1742 vulnera'
1509 1689 1707 1742 clamat
1783 1700 1868 1742 565

171 1761 248 1815 Et
284 1763 439 1815 trabe
478 1761 724 1816 fraxinea
764 1761 1045 1832 Capaneus
1086 1763 1234 1817 subit
1272 1763 1461 1817 obvius
1503 1761 1778 1833 ‘umquam

171 1834 440 1906 Effugies,
482 1854 576 1891 seu
614 1839 675 1890 tu
714 1837 900 1907 pavidi
938 1836 1085 1891 ferus
1125 1837 1304 1891 incola
1341 1838 1472 1907 luci,

174 1909 300 1964 Sive
339 1910 478 1980 deis,
517 1911 836 1980 utinamque
875 1911 1011 1980 deis,
1051 1929 1307 1965 concessa
1344 1912 1622 1981 voluptas,

172 1983 323 2053 Non,
364 1985 412 2037 si
452 1988 761 2039 consertum
804 2003 966 2055 super
1003 1986 1139 2039 haec
1178 1986 1314 2039 mihi
1357 1986 1601 2040 membra
1633 1984 1869 2056 Giganta

171 2056 551 2113 Subveheres?
591 2058 759 2112 Volat
782 2059 946 2113 hasta
968 2063 1206 2114 tremens
1223 2063 1279 2114 et
1292 2060 1503 2114 hiantia
1525 2060 1757 2114 monstri
1780 2073 1868 2114 570

171 2130 282 2186 Ora
324 2132 474 2186 subit
511 2133 838 2204 linguaeque
879 2137 1027 2188 secat
1065 2134 1184 2188 fera
1221 2134 1402 2189 vincla
1438 2134 1717 2205 trisulcae,

168 2205 384 2276 Perque
423 2207 581 2261 iubas
624 2211 831 2261 stantes
872 2208 1172 2278 capitisque
1212 2209 1428 2280 insigne
1469 2209 1678 2263 corusci

169 2279 414 2348 Emicat,
456 2283 510 2333 et
548 2281 697 2351 nigri
736 2282 883 2335 sanie
921 2282 1143 2351 perfusa
1182 2283 1390 2337 cerebri

290 2430 375 2470 545
394 2440 461 2482 sq.
497 2425 611 2470 ‘iam
645 2452 701 2459 —
735 2426 951 2484 augurio'
987 2427 1164 2473 schol.
1203 2427 1349 2473 Theb.
1389 2428 1432 2473 V
1483 2433 1567 2474 627
1603 2400 1653 2485 -p‘
1701 2433 1785 2474 190
1815 2430 1868 2474 L.

288 2579 374 2618 545
412 2573 563 2618 trahit
594 2575 927 2620 Lachmannus
957 2576 972 2632 ss
1004 2579 1093 2620 555
1126 2577 1174 2620 et
1206 2575 1441 2634 extemplo
1473 2581 1507 2618 P
1535 2578 1552 2634 ΙΙ
1583 2581 1669 2621 556
1700 2577 1801 2619 tum
1832 2581 1864 2619 P

165 2633 277 2677 tunc
310 2633 464 2677 BG2M
494 2636 510 2691 ΙΙ
542 2639 626 2679 559
658 2636 902 2680 versusin
932 2650 956 2677 r
980 2640 1088 2690 post
1117 2650 1158 2682 v.
1200 2639 1291 2680 561
1325 2636 1490 2693 ἱερέων
1518 2637 1534 2692 ΙΙ
1567 2640 1652 2680 561
1686 2633 1867 2679 Librati

165 2693 315 2747 codd,
349 2707 461 2738 corr.
503 2693 855 2750 Oudendorpius
887 2695 903 2751 ΙΙ
937 2697 1023 2738 562
1065 2693 1174 2738 duci
1213 2699 1351 2740 Bsrc
1378 2696 1384 2750 Ι
1411 2707 1522 2738 nam
1554 2694 1670 2738 8²G2
1699 2709 1757 2738 m.
1780 2708 1864 2740 sec.

166 2754 213 2794 Π
233 2750 346 2810 11563
365 2754 581 2796 evaserat
591 2753 903 2799 Baehrensius
920 2752 1204 2798 exhauserat
1221 2754 1348 2800 codd.
1373 2755 1390 2811 ss
1413 2757 1500 2798 564
1519 2752 1864 2798 aviaPs²GHT

171 2809 301 2856 Leid.
339 2811 460 2857 Gozb.
495 2825 605 2856 aera
634 2811 851 2855 3028111
