2020 3106
643 138 987 185 THEBAIDOS
1019 138 1127 184 LIB.
1161 138 1194 183 1.
1699 142 1768 194 15

84 258 318 330 Inrepsit
354 260 498 318 curis
537 278 842 330 pronusque
883 278 947 314 ex
987 260 1204 315 aethere
1243 263 1422 329 nutat,
1681 276 1767 315 340

85 332 254 388 Grata
290 334 569 389 laboratae
607 334 843 388 referens
884 334 1088 388 oblivia
1128 334 1285 388 vitae.

83 405 188 462 Sed
225 426 323 462 nec
358 408 585 479 puniceo
624 409 923 463 rediturum
960 409 1150 462 nubila
1187 409 1336 462 caelo

81 480 380 536 Promisere
417 481 594 552 iubar,
631 500 730 536 nec
769 482 1165 537 rarescentibus
1204 482 1410 536 umbris

79 553 267 626 Longa
303 573 615 626 repercusso
653 557 866 611 nituere
905 557 1220 625 crepuscula
1257 555 1499 611 Phoebo:

81 627 310 684 Densior
349 647 380 684 a
418 630 576 684 terris
616 633 671 684 et
708 630 844 684 nulli
884 631 1070 700 pervia
1110 630 1358 684 flammae
1676 645 1761 685 345

80 701 327 759 Subtexit
364 722 473 759 nox
510 707 630 758 atra
668 705 839 774 polos
916 704 1032 758 Iam
1073 704 1312 758 claustra
1349 704 1580 776 rigentis

22 813 24 818 .
79 776 300 832 Aeoliae
338 795 595 848 percussa
634 781 850 847 sonant,
890 782 1221 849 venturaque
1260 797 1422 832 rauco

80 849 183 905 Ore
221 851 460 907 minatur
497 852 692 922 hieme,
730 853 877 907 venti
916 856 1226 906 transversa
1263 853 1555 906 frementes

78 921 389 996 Confligunt
427 944 686 998 axemque
728 929 906 980 emoto
948 927 1165 982 cardine
1204 927 1432 995 vellunt,

82 996 219 1054 Dum
257 1000 467 1054 caelum
506 1001 612 1055 sibi
650 1000 874 1071 quisque
914 1001 1082 1072 rapit3
1121 1001 1214 1054 sed
1253 1001 1516 1070 plurimus
1556 1000 1758 1054 Auster

73 1070 408 1143 Inglomerat
438 1078 670 1144 noctem,
700 1075 992 1129 tenebrosa
1023 1076 1299 1129 volumina
1330 1079 1602 1145 torquens,
1673 1090 1753 1128 351

74 1143 436 1218 Defunditque
469 1148 697 1219 imbreS,
738 1149 877 1203 sicco
919 1167 1054 1219 quos
1095 1167 1252 1219 asper
1289 1149 1442 1202 hiatu

74 1218 409 1276 Praesolidat
446 1220 672 1294 Boreas3
710 1241 806 1276 nec
843 1241 953 1277 non
993 1223 1225 1293 abrupta
1263 1226 1595 1277 tremescunt

73 1291 334 1366 Fulgura,
373 1299 428 1350 et
466 1298 686 1351 attritus
727 1297 908 1350 subita
946 1297 1062 1352 face
1101 1299 1374 1367 rumpitur
1413 1298 1611 1351 aether.

74 1365 188 1422 Iam
225 1367 454 1438 Nemea,
493 1371 603 1424 iam
643 1370 923 1424 Taenariis
963 1372 1299 1425 contermina
1338 1371 1473 1424 lucis
1672 1385 1756 1425 355

73 1440 334 1497 Arcadiae
373 1445 553 1514 capita
592 1445 707 1498 alta
745 1445 989 1514 madent3
1028 1445 1140 1498 ruit
1179 1445 1395 1515 agmine
1435 1445 1580 1499 facto

70 1512 302 1570 Inachus
341 1520 396 1571 et
433 1518 641 1588 gelidas
682 1535 909 1588 surgens
947 1519 1213 1573 Erasinus
1253 1520 1310 1572 in
1349 1519 1536 1572 undaS.

72 1586 451 1646 Pulverulenta
487 1593 639 1663 prius
680 1593 997 1665 calcataque
1037 1594 1258 1646 flumina
1295 1594 1478 1646 nullae

70 1660 377 1733 Aggeribus
415 1668 635 1721 tenuere
675 1685 880 1735 morae,
920 1671 1222 1737 stagnoque
1254 1668 1438 1720 refusa
1478 1672 1561 1720 est

71 1733 336 1792 Funditus
377 1742 431 1792 et
469 1741 639 1794 veteri
679 1742 949 1811 spumavit
988 1741 1165 1795 Lerna
1202 1760 1422 1795 veneno.
1672 1756 1758 1796 360

195 1901 294 1942 344.
337 1897 500 1956 ‘longa
522 1925 577 1933 —
600 1899 808 1945 Phoebo'
846 1900 994 1946 Serv.
1042 1900 1103 1945 ad
1133 1900 1248 1946 Aen.
1280 1901 1322 1945 H
1353 1906 1454 1947 268.
1489 1928 1544 1934 —
1578 1908 1665 1947 352
1691 1917 1756 1958 sq.

77 1953 219 1999 ‘sicco
243 1981 302 1988 --
324 1955 514 2002 Boreas’
551 1958 698 2004 Serv.
733 1959 794 2003 ad
825 1958 938 2004 Aen.
971 1960 1078 2005 VIII
1102 1965 1203 2006 429.
1229 1987 1284 1993 —
1311 1967 1410 2006 360.
1447 1961 1676 2005 ‘funditus
1701 1987 1757 1995 —

196 2092 283 2134 340
322 2089 524 2147 Inrepsit
559 2095 592 2134 P
630 2091 818 2148 irrepsit
856 2093 950 2137 cod.
989 2092 1258 2138 Burmanni
1295 2093 1460 2151 irrepit
1501 2095 1657 2139 Petav.
1690 2094 1759 2139 in-

68 2146 290 2252 ἑθΡΞῗαῖἰι
317 2147 1462 2267 ὟθΡᾷἓῖἶθῗῖἐΠέἑίἐῖῑῗέἶῗαῧΘᾶἒίἳηῗέιξέἱὲ
1490 2153 1758 2258 {23333222

31 2318 35 2329 .
73 2265 192 2310 mius
213 2267 229 2323 ΙΙ
252 2271 339 2311 346
378 2269 583 2325 regentis
613 2273 646 2311 P
676 2270 691 2325 ΙΙ
722 2274 807 2314 349
841 2271 1048 2314 emotum
1079 2270 1329 2315 Muellerus
1354 2271 1362 2328 Ι
1388 2273 1580 2315 verrunt
1609 2272 1759 2316 Baeh-

74 2325 252 2371 remeius
281 2327 297 2382 ΙΙ
327 2330 412 2371 351
452 2327 741 2384 Inglomeras
779 2333 831 2383 Τ,
870 2330 992 2374 unde
1026 2330 1331 2374 Burmannus
1369 2332 1484 2375 coni.
1524 2330 1758 2386 Inglome-

67 2395 174 2427 rans
201 2385 208 2440 Ι
233 2386 422 2430 noctem
458 2386 708 2431 tenebrosa
747 2401 789 2432 v.
829 2389 1053 2444 torquens
1090 2393 1168 2431 PG
1205 2390 1393 2433 noctem
1425 2392 1473 2434 et
1504 2390 1754 2436 tenebrosa

66 2455 108 2487 v.
138 2443 330 2500 torquet
380 2448 470 2489 Bu
507 2447 523 2503 ΙΙ
561 2450 649 2491 355
701 2446 906 2492 Nemeae
960 2452 1037 2491 PG
1087 2449 1284 2505 plurimi
1336 2450 1526 2495 Gruteri
1570 2449 1750 2495 Nemea

64 2503 174 2545 Bur
211 2502 384 2548 Nemee
416 2509 492 2559 Hp
526 2504 745 2551 Formam
774 2506 953 2551 Nemea
991 2509 1200 2552 omnibus
1231 2509 1340 2553 locis
1371 2511 1496 2564 decli,
1529 2511 1587 2565 cf.
1619 2511 1750 2565 infra

65 2560 137 2604 II
163 2565 255 2607 378
286 2563 373 2607 IV
400 2568 503 2610 159.
535 2568 645 2620 825.
683 2565 728 2610 V
752 2569 822 2610 44.
856 2569 946 2611 749
986 2567 1065 2611 VI
1093 2570 1184 2612 516
1215 2572 1256 2611 et
1282 2569 1514 2613 Priscian.
1549 2569 1663 2612 VII
1682 2570 1752 2613 in.

64 2623 106 2665 ot
142 2620 357 2668 Lactant.
397 2624 459 2668 ad
496 2624 537 2667 h.
579 2625 607 2669 l.
639 2626 654 2682 ΙΙ
685 2628 771 2669 356
818 2638 990 2682 magno
1038 2628 1283 2683 (suprascr.
1326 2628 1344 2670 1
1382 2627 1527 2685 facto)
1566 2633 1599 2670 P
1621 2629 1638 2684 fl
1661 2632 1747 2671 357

66 2690 258 2736 surgens
304 2684 393 2725 Bu
437 2695 608 2739 urgens
656 2687 691 2726 G
736 2697 934 2741 vergens
971 2689 1055 2728 PH
1082 2688 1088 2741 Ι
1116 2685 1165 2728 in
1203 2686 1352 2730 findas
1393 2688 1464 2742 (in
1501 2700 1644 2743 mary.
1692 2700 1750 2731 m.

63 2737 124 2784 al.
162 2750 223 2785 Λ
252 2739 314 2784 ad
352 2743 523 2798 arctos)
563 2747 596 2784 P
642 2741 692 2785 in
736 2743 886 2788 undas
926 2749 962 2787 G
1000 2745 1152 2790 Petav.
1202 2745 1263 2788 ad
1305 2747 1460 2790 arctos
1499 2749 1574 2799 Bg
1618 2745 1749 2790 Leid.

65 2795 224 2843 athos
255 2803 288 2842 ¹1·
320 2799 380 2843 ad
411 2813 549 2844 auras
580 2801 851 2848 Duebnerus
883 2802 1043 2860 gelida
1077 2819 1110 2849 s.
1136 2804 1187 2850 E.
1220 2804 1271 2847 in
1300 2803 1428 2848 unda
1461 2805 1715 2850 Muellerus
1739 2807 1752 2856 ,ἱ

66 2859 152 2902 358
183 2857 453 2914 calcataque
484 2864 562 2902 PG
593 2860 907 2918 calcandaque
939 2867 1027 2905 ΒΜ
