1976 3094
231 178 340 232 102
814 176 863 223 P.
895 176 1122 222 PAPINH
1153 177 1351 222 sTA'ru

229 298 540 359 Subiectare
579 301 739 353 faces.
815 298 992 369 Atque
1031 299 1146 368 ipse
1186 299 1436 352 sonantia
1473 299 1707 354 flammis

227 373 487 444 Virgulta
528 377 582 427 et
620 375 803 427 tristes
845 373 1115 442 crepuisse
1154 375 1218 426 ut
1257 373 1428 426 sensit
1468 392 1686 429 acervos

227 447 462 502 Tiresias
504 446 611 519 (illi
648 467 775 501 nam
815 447 1078 517 plurimus
1121 447 1279 501 ardor
1318 447 1536 500 anhelat
1828 463 1915 504 470

224 522 370 576 Ante
411 540 576 592 genas
617 523 911 592 impletque
953 540 1111 575 cavos
1151 540 1322 591 vapor
1360 521 1551 591 igneus
1592 522 1796 594 orbes),

223 596 515 650 Exclamat
556 595 844 667 (tremuere
883 597 1006 666 rogi
1044 599 1098 649 et
1136 614 1241 650 vox
1280 596 1500 664 impulit
1537 595 1766 669 ignem):

225 669 539 724 eTartareae
581 670 732 724 sedes
772 674 826 723 et
865 669 1209 724 formidabile
1248 688 1476 740 regnum

222 744 416 799 Mortis
457 745 785 814 inexpletae,
824 751 1015 814 tuque,
1055 763 1086 797 o
1127 744 1440 798 saevissime
1479 744 1735 815 fratrum,

223 818 323 872 Cui
363 821 564 873 servire
605 820 720 872 dati
758 819 945 872 Manes
987 821 1312 888 aeternaque
1347 822 1564 872 sontum
1829 834 1915 875 475

223 891 500 962 Supplicia
540 897 699 963 atque
738 894 836 946 imi
874 893 1175 946 famulatur
1212 893 1364 963 regia
1403 893 1612 963 mundi,

223 965 433 1020 Solvite
472 968 715 1038 pulsanti
754 968 876 1020 loca
914 970 1067 1020 muta
1107 970 1160 1020 et
1198 967 1360 1020 inane
1402 985 1620 1021 severae

218 1040 592 1111 Persephones
631 1042 931 1112 vulgusque
972 1060 1103 1095 cava
1143 1042 1242 1094 sub
1282 1044 1440 1094 nocte
1478 1044 1755 1111 repostum

218 1114 441 1184 Efficite,
483 1120 537 1170 et
575 1117 737 1185 plena
775 1117 960 1169 redeat
1001 1115 1171 1185 Styga
1209 1115 1445 1186 portitor
1484 1116 1624 1170 alno,

217 1189 382 1243 Ferte
425 1190 586 1243 simul
626 1207 869 1260 gressuS‚
909 1208 1006 1243 nec
1049 1190 1278 1259 simplex
1316 1190 1567 1243 manibus
1609 1193 1724 1244 esto
1824 1204 1912 1246 480

220 1263 287 1316 In
325 1265 501 1317 lucem
538 1283 779 1318 remeare
819 1265 1033 1335 modus3
1071 1267 1133 1317 tu
1174 1282 1363 1335 separe
1403 1267 1562 1318 coetu

217 1337 463 1409 Elysios,
502 1338 709 1408 Persei,
748 1339 894 1409 pios,
933 1338 1195 1409 virgaque
1233 1338 1449 1408 potenti

215 1411 454 1466 Nubilus
494 1412 665 1466 Arcas
707 1416 857 1484 agat3
898 1416 1092 1466 contra
1129 1430 1224 1483 per
1264 1413 1491 1466 crimina
1528 1412 1749 1483 functis,

218 1486 326 1550 Qui
363 1488 544 1555 plures
583 1487 764 1540 Erebo
804 1488 1093 1557 pluresque
1133 1505 1161 1540 e
1203 1488 1406 1540 semine
1446 1486 1659 1558 Cadmi,

214 1560 413 1630 Angue
453 1564 538 1614 ter
578 1579 801 1614 excusso
844 1566 898 1614 et
936 1561 1189 1631 flagranti
1231 1562 1455 1631 praevia
1493 1565 1621 1614 taxo
1631 1604 1645 1630 ,
1820 1575 1911 1617 485

216 1634 540 1705 Tisiphone,
580 1635 686 1688 dux
725 1636 900 1704 pande
941 1636 1105 1704 diem,
1143 1653 1244 1688 nec
1283 1635 1418 1688 lucis
1460 1638 1679 1705 egentes

217 1707 481 1763 Cerberus
524 1728 748 1763 occursu
788 1710 1032 1778 capitum
1073 1709 1392 1778 detorqueat
1431 1708 1688 1762 umbras.'

290 1783 540 1853 Dixerat,
580 1787 634 1835 et
673 1783 878 1853 pariter
919 1783 1098 1836 senior
1138 1783 1499 1852 Phoebeaque
1538 1784 1692 1854 virgo

215 1857 452 1911 Erexere
496 1857 726 1926 animos3
765 1857 848 1910 illi
887 1857 1174 1911 formidine
1214 1857 1368 1910 nulla

216 1929 450 2002 (Quippe
483 1933 540 1984 in
571 1932 730 1985 corde
763 1929 937 2003 deus),
980 1932 1155 1984 solum
1187 1932 1354 1985 timor
1387 1931 1568 1986 obruit
1599 1932 1791 2002 ingens
1823 1946 1911 1987 490

216 2004 705 2077 Oedipodioniden,
742 2005 993 2075 vatisque
1031 2005 1302 2059 horrenda
1340 2007 1580 2060 canentis

213 2078 375 2134 Nunc
413 2098 630 2134 umeros
669 2098 811 2133 nunc
850 2079 944 2132 ille
983 2098 1175 2133 manus
1216 2083 1271 2133 et
1308 2080 1511 2134 vellera
1548 2084 1762 2150 pressat

213 2153 424 2208 Anxius
464 2154 805 2224 inceptisque
844 2154 976 2207 velit
1015 2154 1273 2208 desistere
1314 2154 1494 2208 sacris.

216 2227 405 2291 Qualis
447 2228 709 2282 Gaetulae
751 2229 1119 2282 stabulantem
1157 2228 1226 2281 ad
1266 2228 1527 2300 confraga
1567 2227 1738 2283 silvae

215 2301 467 2356 Venator
506 2304 672 2373 longo
713 2307 924 2356 motum
963 2303 1198 2356 clamore
1237 2302 1450 2356 leonem
1824 2316 1910 2358 495

335 2467 421 2508 475
449 2477 514 2518 sq.
566 2464 868 2519 ‘aeternaque
899 2489 959 2495 —-
991 2461 1240 2519 supplicia’
1290 2462 1569 2508 Priscian.
1610 2462 1696 2508 VH
1736 2469 1813 2520 16,
1856 2469 1910 2510 ¹75

215 2536 261 2639 p.
294 2526 380 2626 Ξὲὲ
412 2521 469 2625 l}
505 2548 560 2554 —
593 2527 695 2568 485.
741 2523 913 2580 ‘angue
946 2548 1003 2555 —
1036 2522 1249 2567 excusso’
1292 2522 1571 2567 Priscian.
1613 2522 1700 2567 VII
1734 2528 1813 2580 13,
1854 2528 1910 2569 68

340 2735 427 2774 470
458 2729 533 2774 illi
558 2731 605 2774 et
635 2728 731 2773 iam
756 2728 1122 2774 Sandstroemius
1145 2731 1161 2786 ΙΙ
1184 2734 1270 2775 482
1296 2728 1455 2774 Persei
1479 2743 1595 2775 corr.
1625 2730 1909 2776 Parrhasius

217 2794 260 2835 et
298 2789 522 2834 Heinsius
560 2802 723 2846 perseo
762 2793 848 2831 PM
885 2801 1077 2846 persaee
1116 2792 1149 2831 B
1188 2802 1356 2846 persea
1393 2804 1436 2832 m
1474 2790 1572 2835 edd.
1604 2789 1795 2846 Persea,
1838 2789 1909 2835 cie

215 2847 276 2893 R.
303 2849 508 2906 Unyerus
531 2850 547 2906 ss
570 2854 658 2894 484
683 2848 857 2892 semine
884 2847 1005 2893 Oolb.
1029 2848 1158 2905 Lips.
1185 2849 1283 2894 edd.
1308 2852 1410 2893 vett.
1433 2847 1661 2894 Barthius
1683 2849 1907 2896 Heinsius

217 2907 277 2962 cf.
311 2907 364 2951 X
393 2911 485 2953 663
517 2906 744 2965 sanguine
775 2911 903 2951 PBH
925 2909 941 2966 ΙΙ
965 2912 1052 2953 490
1083 2906 1224 2951 timor
1253 2911 1332 2951 PG
1363 2908 1537 2952 tremor
1566 2909 1733 2967 reziqwi
