1976 3094
656 154 999 202 THEBAIDOS
1030 154 1140 201 LlB.
1174 155 1274 201 VII.
1703 157 1808 211 195

127 277 355 332 Inachia
394 280 747 348 externosque
788 278 899 332 suis
939 278 996 332 in
1034 277 1312 331 montibus
1350 276 1518 347 ignes.

124 351 198 406 Hi
236 350 484 424 precibus
524 354 822 422 questuque
862 351 1010 422 deos,
1048 351 1106 404 hi
1146 350 1348 404 Martia
1384 351 1496 404 tela
1720 365 1807 406 460

123 425 525 497 Belligerosque
563 425 854 479 hortantur
893 443 1078 496 equos,
1116 425 1174 478 hi
1214 428 1434 494 pectora
1473 424 1602 478 fletu

123 498 263 554 Gara
301 501 555 570 premunt
594 499 884 569 miserique
924 516 1089 570 rogos
1131 504 1184 552 et
1224 498 1462 552 crastina
1500 498 1759 553 mandant

123 573 346 627 Funera.
423 571 481 627 Si
518 573 696 626 tenuis
737 573 954 627 demisit
993 573 1203 626 lumina
1242 591 1485 637 somnus,

125 645 284 701 Bella
323 650 540 718 gerunt3
581 647 739 701 modo
780 648 929 700 lucra
968 665 1172 716 morae,
1210 647 1370 700 modo
1410 647 1591 701 taedia
1629 647 1774 701 vitae

124 719 413 791 Attonitis,
452 721 732 791 lucemque
771 720 968 775 timent
1004 721 1284 791 lucemque
1324 725 1627 790 precantur.
1724 733 1811 777 465

122 793 174 848 It
213 795 487 864 geminum
527 795 802 849 excutiens
842 812 1075 865 anguem
1115 799 1170 848 et
1208 795 1502 849 bacchatur
1541 796 1783 864 utrisque

122 867 418 938 Tisiphone
458 869 672 938 castris3
711 868 935 922 fratrem
974 869 1122 938 huic,
1161 869 1385 923 fratrem
1424 869 1629 938 ingerit
1668 869 1771 938 illi,

120 941 233 996 Aut
272 942 486 1012 utrique
525 945 758 1012 patrem:
798 943 984 1012 procul
1023 943 1118 996 ille
1157 943 1446 1012 penatibus
1485 942 1611 995 imis

117 1015 344 1070 Excitus
382 1016 641 1086 implorat
679 1016 869 1070 Furias
911 1017 1205 1087 oculosque
1244 1017 1493 1086 reposcit.

191 1089 307 1144 Iam
346 1090 581 1162 gelidam
620 1090 875 1145 Phoeben
915 1093 970 1144 et
1009 1091 1301 1160 caligantia
1339 1091 1545 1160 primus
1721 1103 1809 1143 470

116 1162 389 1219 Hauserat
429 1166 574 1218 astra
613 1164 750 1234 dies,
790 1183 911 1218 cum
950 1165 1059 1218 iam
1098 1168 1274 1218 tumet
1312 1165 1438 1234 igne
1479 1164 1659 1218 futuro

118 1236 363 1292 Oceanus
403 1238 620 1308 lateque
658 1255 797 1292 novo
839 1238 1032 1292 Titane
1071 1239 1341 1292 reclusum

118 1310 338 1381 Aequor
378 1311 729 1366 anhelantum
769 1312 936 1366 radiis
979 1312 1212 1366 subsidit
1252 1330 1534 1382 equorum:

115 1384 255 1439 Ecce
294 1388 473 1439 truces
514 1386 698 1440 oculos
739 1386 1084 1440 sordentibus
1125 1386 1305 1439 obsita
1343 1386 1491 1438 canis

115 1458 406 1531 Exangues
445 1458 659 1514 Iocasta
697 1477 862 1530 genas
903 1464 957 1513 et
995 1460 1249 1514 bracchia
1288 1460 1510 1528 planctu
1711 1471 1798 1513 475

115 1531 288 1603 Nigra
325 1532 502 1587 ferens
543 1552 859 1604 ramumque
899 1534 1050 1587 oleae
1090 1551 1211 1587 cum
1250 1533 1466 1586 velleris
1506 1534 1612 1587 atri
1702 1566 1706 1570 -

117 1605 384 1676 NexibuS,
422 1607 785 1661 Eumenidum
823 1608 975 1662 velut
1015 1608 1415 1677 antiquissima,
1455 1608 1629 1677 portis

116 1678 409 1749 Egreditur
447 1697 649 1751 magna
688 1700 808 1735 cum
848 1682 1133 1735 maiestate
1173 1681 1455 1735 malorum.

117 1753 261 1808 Hinc
300 1758 462 1825 atque
499 1755 626 1809 hinc
664 1759 848 1824 natae,
887 1756 1081 1809 melior
1118 1756 1229 1808 iam
1269 1772 1451 1823 sexuS‚
1492 1755 1665 1808 aniles

114 1827 574 1898 Praecipitantem
613 1832 764 1883 artus
805 1834 860 1883 et
896 1830 1019 1899 plus
1060 1848 1222 1900 quam
1259 1829 1436 1899 possit
1470 1833 1686 1882 euntem
1717 1842 1805 1883 480

117 1900 449 1956 Sustentant.
523 1902 692 1956 Venit
731 1906 856 1956 ante
893 1904 1103 1971 hosteS,
1143 1908 1197 1956 et
1234 1907 1452 1972 pectore
1491 1903 1632 1956 nudo

116 1972 367 2029 Claustra
405 1975 631 2029 adversa
668 1976 798 2029 ferit
835 1978 1187 2047 tremulisque
1225 1977 1526 2030 ululatibus
1567 1973 1790 2030 orat-s

41 2075 43 2087 ν
114 2047 365 2102 Admitti:
408 2048 682 2103 ‘Reserate
723 2051 892 2103 viam!
932 2054 1094 2121 rogat
1132 2051 1300 2119 impia
1337 2051 1470 2103 belli

114 2121 313 2192 Metel-3
352 2123 409 2176 in
447 2122 534 2176 his
574 2123 792 2193 aliquod
830 2124 915 2176 ius
955 2123 1282 2177 exsecrabile
1321 2124 1513 2177 castris

114 2195 256 2249 Huic
295 2200 448 2250 utero
488 2195 605 2251 est.²
678 2196 899 2267 Trepidi
938 2198 1109 2251 visam
1149 2215 1410 2266 expavere
1449 2197 1676 2266 manipli
1714 2210 1802 2251 485

115 2269 480 2340 Auditamque
517 2271 718 2342 magis3
759 2275 964 2325 remeat
1003 2272 1112 2324 iam
1151 2272 1349 2324 missus
1390 2271 1630 2324 Adrasto

233 2405 334 2445 479.
370 2399 508 2445 ‘Hinc
541 2427 596 2434 —-
631 2402 786 2446 sexus’
822 2402 997 2447 schol.
1031 2401 1174 2447 Theb.
1207 2402 1318 2447 VIII
1350 2407 1436 2448 616
1467 2417 1512 2459 p.
1546 2406 1632 2446 299
1663 2401 1713 2447 L.

229 2522 315 2563 461
349 2519 549 2576 pignora
585 2519 799 2564 Weberus
829 2522 844 2576 ΙΙ
879 2525 964 2565 468
995 2519 1247 2577 penatibus
1279 2533 1437 2564 omnes
1469 2525 1502 2563 P
1534 2521 1612 2565 sed
1644 2521 1702 2575 cf.
1738 2520 1809 2564 II

113 2579 200 2620 441
242 2577 383 2621 VIII
407 2581 496 2623 241
538 2580 553 2634 ΙΙ
591 2583 678 2623 470
709 2579 870 2635 gelida
899 2584 969 2622 PS
1007 2582 1023 2636 ΙΙ
1061 2585 1145 2624 471
1179 2579 1315 2623 timet
1345 2584 1377 2621 P
1414 2581 1430 2636 [Ι
1465 2584 1552 2624 473
1588 2578 1803 2623 subsedit

111 2639 320 2679 tunm.
357 2638 373 2693 ΙΙ
411 2641 498 2681 475
537 2636 784 2695 Exangues
815 2643 848 2680 P
885 2639 996 2683 Βοὴ.
1030 2643 1106 2681 GT
1150 2639 1491 2694 Exanguesque
1541 2642 1665 2681 ΕΒΗ
1710 2638 1800 2682 Ex-

116 2706 367 2752 sanguesq3
401 2695 458 2738 (ΞΒ
489 2697 503 2752 ΙΙ
534 2701 621 2740 480
652 2697 803 2753 possit
832 2702 878 2740 P·
895 2700 1055 2754 posset
1085 2699 1219 2743 ceteri
1249 2699 1264 2753 ss
1296 2702 1380 2741 481
1417 2697 1499 2740 sed.
1523 2698 1714 2753 pectore
1739 2696 1804 2755 ΡΗ

113 2756 198 2798 482
229 2753 443 2798 tremulis
475 2760 549 2798 PT
588 2758 603 2812 ΙΙ
642 2760 728 2800 483
766 2758 972 2800 reserate
1002 2761 1161 2799 PGTL
1192 2769 1398 2801 reserare
1429 2755 1624 2798 Bo²sn
1661 2757 1677 2812 ΙΙ
1711 2759 1799 2800 484

113 2809 410 2869 impetrabile
433 2814 670 2859 Bentleius
693 2817 708 2872 u
732 2820 817 2861 486
848 2817 1027 2860 remeat
1056 2814 1277 2860 inmissus
1309 2819 1342 2857 P
1380 2816 1561 2859 remeat
1595 2829 1700 2859 oum
1730 2814 1800 2857 in-

112 2871 280 2916 missus
310 2872 615 2918 Baehrensius

1353 2947 1440 2992 13*
