2020 3106
593 158 876 206 EDITORIS
908 157 1260 204 PRAEFATIO.
1718 156 1782 202 xl

92 280 280 336 Museo
303 280 620 335 Britannico
653 283 970 334 conservato
1006 280 1208 349 scripta
1237 278 1473 348 reliquit.
1507 274 1611 346 (Of.
1639 277 1783 330 infra

89 354 328 426 p.XIV.
369 353 441 409 M.
478 354 754 426 Hauptius
795 354 936 407 Acta
975 354 1209 407 academ.
1249 351 1428 406 Berol.
1468 351 1594 404 anni
1640 352 1776 404 1861

89 375 143 500 Ρ.
170 425 354 500 1079).
394 426 768 483 Conlationem
804 427 871 480 ad
906 445 995 481 sex
1031 428 1200 480 libros
1234 426 1441 496 priores
1473 424 1780 478 Thebaidos

47 525 50 528 ·
91 520 125 556 a
170 520 227 557 se
273 520 412 557 anno
464 502 607 557 1864
653 502 852 555 factam
901 501 1238 555 Godofredus
1285 499 1569 553 Kinkelius
1620 498 1782 568 Tigu-

24 621 25 625 .
88 576 239 630 rinus
295 594 507 630 summa
568 594 687 630 cum
760 575 1091 629 liberalitate
1155 573 1288 627 mihi
1343 573 1605 642 permisit.
1700 571 1781 624 De

85 649 364 705 nonnullis
404 650 538 704 locis
578 650 839 704 librorum
881 649 1241 733 posteriorum
1282 647 1677 701 difficilioribus
1717 644 1783 699 E.

86 721 158 778 M.
189 722 592 794 Thompsonius
624 722 1020 791 LondiniensiS‚
1060 723 1143 776 vir
1183 739 1425 775 summae
1463 719 1779 774 eruditionis

88 800 248 868 atque
294 797 668 865 humanitatis,
708 797 1069 851 libentissime
1110 815 1194 849 me
1235 796 1463 849 edocuit.

235 839 767 929 Ood.Berne1isis
812 871 915 924 156
955 879 994 924 b
1035 870 1474 923 membranaceus
1516 885 1652 922 saec.
1684 863 1781 919 X1¹

85 942 146 998 4⁰
169 945 292 1015 obl„
332 945 424 1015 qui
456 945 560 999 fuit
591 945 722 999 olim
750 945 898 998 Petri
924 943 1167 997 Danielis
1192 943 1600 996 Aurelianensis
1639 941 1782 994 1564

79 1014 175 1144 Sos.
210 1017 279 1075 H.
311 1018 527 1090 Hageni
566 1019 727 1074 catal.
768 1019 919 1072 codd.
958 1018 1213 1071 Bernens.
1252 1037 1302 1086 p.
1334 1014 1492 1088 230),
1539 1015 1783 1069 continet

109 1092 309 1147 011.95
358 1092 636 1147 Thebaida
691 1096 744 1147 et
793 1092 1108 1146 Achilleida.
1195 1089 1360 1144 Cuius
1415 1090 1542 1143 libri
1596 1089 1779 1142 varias

83 1165 340 1220 lectiones
381 1184 502 1220 cum
541 1166 886 1221 Hermannus
927 1165 1187 1236 Hagenus
1226 1166 1335 1218 iam
1376 1163 1569 1220 Ottoni
1606 1162 1780 1215 Muel-

79 1239 199 1294 lero
238 1240 646 1309 transmisisset,
687 1259 914 1310 quarum
956 1241 1049 1293 ille
1090 1258 1208 1293 eam
1257 1243 1494 1309 partem,
1535 1255 1671 1307 quae
1712 1236 1779 1289 ad

87 1330 179 1367 sex
217 1314 384 1368 libros
423 1315 632 1383 priores
672 1315 920 1384 pertinet,
960 1315 1016 1367 in
1049 1313 1323 1367 Addendis
1364 1311 1617 1365 editionis
1650 1328 1781 1363 suae

80 1405 134 1457 Ρ.
173 1387 284 1442 284
315 1406 428 1458 sqq.
469 1388 774 1458 exscripsit,
827 1388 960 1441 satis
1009 1387 1176 1440 habui
1222 1405 1254 1439 a
1300 1387 1415 1440 viro
1463 1384 1780 1438 doctissimo

83 1463 138 1515 et
175 1460 560 1516 liberalissimo
599 1465 797 1531 petere,
835 1465 896 1515 ut
934 1480 1019 1515 me
1060 1462 1124 1514 de
1156 1461 1479 1514 lectionibus
1513 1459 1778 1512 librorum

79 1527 444 1604 posteriorum
493 1535 715 1589 dubium
763 1536 1047 1590 certiorem
1096 1535 1323 1603 faceret3
1372 1533 1514 1604 quod
1561 1531 1778 1603 quidem

80 1606 467 1663 humanissime
506 1610 642 1663 mihi
681 1610 949 1680 praebuit.

231 1680 372 1738 Ood.
405 1681 719 1738 Gronovii
754 1685 824 1738 70
864 1682 985 1753 (Nr.
1017 1684 1126 1736 374
1166 1681 1308 1752 apud
1341 1679 1610 1750 Geelium)
1645 1679 1776 1733 olim

81 1753 413 1828 Berneggeri
457 1777 493 1822 g
538 1758 836 1812 membran.
883 1776 1017 1811 saec.
1065 1754 1159 1809 XI¹
1206 1756 1317 1809 214
1363 1755 1477 1809 foll.
1523 1753 1605 1822 4⁰,
1658 1753 1779 1823 pul-

81 1828 343 1884 cherrime
376 1832 607 1900 scriptus
640 1850 740 1886 nec
763 1836 945 1885 tamen
976 1850 1085 1884 una
1118 1830 1409 1899 eademque
1442 1847 1621 1897 manu,
1652 1846 1778 1881 con-

81 1902 218 1956 tinet
270 1903 550 1958 Thebaida
603 1923 725 1959 cum
780 1905 1000 1959 scholiis
1056 1906 1114 1958 in
1171 1904 1418 1973 margine
1473 1870 1778 1970 adscriptis,

80 1973 366 2048 Inscripsit
390 1978 601 2048 aliquiS,
625 1980 856 2033 fortasse
879 1979 1275 2048 BerneggeruS,
1298 1978 1621 2047 ligamento:
1648 1973 1777 2028 ‘No-

75 2048 248 2106 biliss.
289 2051 437 2106 Ioan.
476 2051 780 2107 Ludovicus
819 2053 1058 2121 Peyerus
1099 2050 1499 2121 Scaphusianus
1534 2050 1649 2103 11·οο
1698 2050 1777 2101 bi·

79 2121 382 2179 bliothecae
413 2124 863 2196 Herbipolitanae
896 2126 1131 2195 spolium
1164 2126 1304 2179 dono
1336 2126 1488 2177 misit
1511 2122 1779 2176 Matthiae

75 2194 649 2283 -Berneggero.1635.'
693 2198 874 2254 Codex
897 2218 1006 2253 non
1031 2199 1187 2269 parvi
1210 2200 1471 2252 momenti
1494 2196 1777 2251 habendus

81 2274 164 2324 est
189 2275 243 2325 et
268 2273 419 2326 cuius
444 2273 650 2327 scholia
674 2275 924 2327 videntur
954 2274 1133 2344 digna,
1167 2291 1303 2342 quae
1330 2271 1632 2326 accuratius
1658 2289 1775 2339 per-

83 2343 398 2401 lustrentur.
474 2346 687 2401 Desunt
729 2347 855 2400 libri
894 2346 949 2400 ΙΙ
987 2366 1173 2401 versus
1225 2347 1410 2400 367-
1425 2347 1551 2399 458.
1628 2343 1780 2398 Citat

83 2416 384 2475 Gronovius
415 2419 669 2475 codicem
703 2422 984 2491 optimum,
1018 2440 1175 2490 quem
1210 2439 1313 2474 av,
1340 2421 1403 2474 cl.
1428 2420 1776 2489 Berneggero

81 2492 336 2546 utendum
387 2494 681 2562 acceperit'
731 2495 797 2548 ad
844 2495 1011 2548 Theb.
1056 2494 1108 2547 X
1159 2496 1263 2548 166
1309 2494 1465 2563 (171)
1520 2492 1599 2545 XI
1648 2492 1776 2545 429.

79 2564 183 2619 567
223 2565 279 2618 II
310 2566 415 2620 551
458 2567 593 2621 VIII
634 2570 758 2623 226.
835 2568 1059 2622 Librum
1098 2570 1214 2637 ipse
1256 2569 1474 2621 contuli

229 2638 371 2696 Cod.
413 2639 829 2696 Cassellanus
877 2640 1050 2714 (011111
1082 2639 1484 2712 Hasungensis)
1524 2659 1575 2708 o,
1623 2639 1774 2692 cuius

73 2711 334 2767 lectiones
389 2733 498 2768 una
558 2734 679 2769 cum
743 2718 1130 2770 commentario
1194 2715 1396 2785 publici
1458 2715 1591 2766 iuris
1645 2712 1776 2765 fecit

81 2782 138 2839 G.
173 2784 233 2841 F.
271 2785 536 2842 Weberus
576 2806 755 2860 progr.
794 2792 1026 2843 univers
1064 2789 1340 2859 Marburg.
1383 2787 1541 2842 1853.
1609 2787 1773 2839 Liber

80 2863 330 2914 exaratus
376 2861 534 2917 initio
576 2881 709 2917 saec.
749 2860 847 2916 XI*
882 2863 1046 2932 (anno
1094 2863 1210 2915 MX
1254 2866 1474 2916 auctore
1511 2857 1775 2930 Webero)
