1976 3094
650 150 991 198 mEssMoos
1023 151 1131 198 Lm.
1164 151 1265 199 v11.
1607 127 1611 130 ’
1700 152 1805 208 185

193 272 458 347 Invidiam
496 272 618 327 risit
654 276 836 344 pater,
878 277 932 327 et
971 273 1080 327 iam
1118 273 1326 343 poplite
1366 274 1561 327 flexum

121 347 563 417 sternentemque
602 365 797 401 manus
836 348 1159 417 tranquillus
1200 347 1266 401 ad
1306 348 1490 401 oscula
1527 347 1679 401 tollit

118 422 284 493 Inque
315 420 488 476 vicem
523 420 736 491 placida
767 439 890 475 orsa
914 422 1103 475 refert:
1143 420 1287 475 ‘Non
1312 421 1556 492 coniugis
1580 422 1689 476 ista
1722 435 1805 477 195

85 494 398 565 ,Consiliis,
435 497 498 549 ut
535 512 676 565 rere,
715 514 869 565 puer,
909 513 1009 549 nec
1048 514 1209 549 saeva
1247 495 1467 567 roganti

119 568 208 625 Sic
245 571 500 639 expostus
540 585 664 640 ego:
704 569 912 623 inmoto
953 570 1264 623 deducimur
1304 570 1433 623 orbe

76 658 78 661 ·
116 643 396 714 Fatorum3
437 644 644 697 veteres
678 661 934 713 seraeque
973 644 1029 696 in
1068 644 1275 713 proelia
1315 661 1525 698 causae.

115 716 259 773 Nam
299 717 384 771 cui
422 717 580 771 tanta
618 717 770 787 quies
810 718 1015 771 irarum
1056 722 1150 771 aut
1188 718 1465 788 sanguinis
1505 734 1637 771 usus

116 784 337 846 Parcior
375 790 640 845 humani?
694 790 859 846 Videt
899 792 1014 845 axis
1055 795 1110 845 et
1147 793 1256 846 ista
1294 809 1390 862 per
1429 809 1622 845 aevum
1721 804 1808 845 200

116 863 327 920 Mecum
367 867 588 919 aeterna
627 865 842 934 domus,
882 866 1129 935 quotiens
1170 866 1278 919 iam
1319 870 1467 919 torta
1505 883 1765 935 reponam

115 937 391 1008 Fulmina,
431 957 593 1009 quam
631 956 786 993 rarus
826 940 984 993 terris
1024 939 1113 993 hic
1151 940 1383 1009 imperet
1422 939 1581 1011 ignis.

118 1012 260 1078 Quin
299 1011 465 1066 etiam
503 1012 708 1067 invitus
747 1031 949 1085 magna
987 1013 1399 1083 uleiscendaque
1438 1013 1615 1083 passis

117 1085 232 1141 Aut
268 1085 530 1156 Lapithas
561 1085 758 1156 Marti,
798 1090 892 1140 aut
931 1090 1167 1141 veterem
1208 1086 1487 1157 Calydona
1526 1086 1735 1140 Dianae

115 1159 445 1232 Expugnare
483 1160 627 1232 dedi3
667 1178 893 1230 meaque
934 1164 1017 1215 est
1055 1162 1266 1215 iactura
1303 1162 1560 1231 pigetque
1723 1173 1809 1213 205

118 1235 223 1289 Tot
261 1237 492 1288 mutare..
512 1235 746 1305 animas,
785 1237 872 1289 tot
911 1235 1130 1288 reddere
1169 1253 1399 1304 corpora
1437 1235 1598 1288 vitae.

118 1307 421 1363 Labdacios
459 1326 586 1362 vero
626 1307 949 1379 Pelopisque
989 1328 1021 1362 a
1061 1310 1230 1379 stirpe
1267 1312 1495 1379 nepotes

118 1382 360 1436 Tardum
400 1381 615 1435 abolere
654 1381 812 1452 mihi3
853 1384 957 1436 scis
997 1383 1114 1452 ipse
1154 1382 1239 1455 (ut
1279 1383 1505 1437 erimina
1545 1382 1762 1436 mittam

42 1496 45 1519 2
118 1454 356 1528 Dorica),
395 1473 558 1526 quam
595 1459 882 1526 promptae
922 1475 1145 1526 superos
1183 1457 1450 1511 incessere
1490 1455 1729 1525 Thebae;

120 1529 196 1584 Te
222 1547 433 1601 quoque
450 1560 523 1568 —
541 1530 654 1600 sed,
688 1531 946 1600 quoniam
970 1533 1123 1585 vetus
1149 1531 1346 1585 excidit
1369 1532 1471 1600 ira,
1502 1530 1691 1584 silebo,
1725 1543 1811 1584 210

40 1637 46 1667 =,
117 1604 245 1660 Non
282 1607 466 1658 tamen
504 1606 599 1658 aut
636 1605 818 1674 patrio
857 1623 1134 1674 respersus
1175 1606 1439 1677 sanguine
1479 1604 1774 1673 Pentheus,

117 1678 231 1732 Aut
267 1681 497 1732 matrem
536 1678 829 1732 scelerasse
868 1679 1003 1733 toris
1044 1683 1100 1732 et
1139 1680 1364 1733 crimine
1405 1679 1599 1732 fratres

119 1750 480 1823 Progenuisse
518 1762 666 1821 reus,
704 1753 882 1806 lacero
922 1756 1016 1807 tua
1055 1754 1229 1807 lustra
1268 1754 1498 1824 replevit

45 1879 46 1883 ,
119 1825 352 1880 Funere:
389 1825 483 1878 ubi
519 1824 580 1879 hi
618 1825 815 1880 fletus?
852 1827 948 1880 ubi
986 1830 1116 1882 tunc
1157 1846 1243 1882 ars
1282 1831 1439 1881 tanta
1476 1826 1771 1897 precandi?

120 1898 227 1953 Ast
266 1915 366 1969 ego
404 1916 515 1952 non
551 1900 771 1970 proprio
812 1900 960 1956 diros
999 1902 1253 1971 impendo
1295 1901 1469 1955 dolori
1724 1915 1809 1955 215

121 1971 599 2042 Oedipodionidas:
639 1976 801 2043 rogat
837 1973 941 2027 hoe
979 1975 1249 2045 tellusque
1287 1976 1553 2045 polusque

120 2046 196 2101 Et
233 2045 410 2117 pietas
450 2048 506 2099 et
542 2045 692 2100 laesa
729 2047 863 2100 fides
901 2051 1226 2118 naturaque,
1266 2053 1321 2102 et
1359 2050 1464 2118 ipsi

121 2119 485 2174 Eumenidum
523 2138 717 2173 mores.
796 2119 900 2174 Sed
938 2125 999 2174 tu
1040 2140 1199 2191 super
1237 2122 1370 2174 urbe
1409 2122 1618 2175 moveri

122 2194 291 2248 Parce
329 2197 447 2248 tua:
486 2211 596 2248 non
633 2194 737 2248 hoc
777 2195 949 2248 statui
989 2196 1088 2248 sub
1128 2198 1372 2266 tempore
1411 2196 1572 2248 rebus

123 2267 388 2322 Occasum
426 2266 617 2321 Aoniis
626 2309 641 2338 ‚
679 2268 860 2322 veniet
898 2270 1200 2339 suspeetior
1240 2275 1390 2323 aetas
1721 2282 1808 2323 220

41 2399 43 2402 ,
123 2341 451 2411 Ultoresque
491 2341 608 2396 alii:
645 2360 785 2396 nunc
823 2343 975 2413 regia
1012 2343 1147 2397 Iuno
1187 2342 1477 2414 queretur?

122 2414 227 2469 His
266 2415 362 2469 ille
401 2414 602 2468 auditis
641 2419 985 2486 mentemque
1023 2417 1378 2487 habitumque
1418 2417 1633 2486 recepit.

122 2488 201 2543 Ut
239 2506 360 2542 eum
400 2490 511 2542 sole
550 2489 692 2543 malo
731 2490 984 2560 tristique
1022 2491 1230 2545 rosaria
1268 2492 1506 2561 pendent

247 2638 333 2678 194
363 2633 743 2691 Tendentemque
774 2636 980 2682 Kochius
1002 2638 1018 2694 ΙΙ
1041 2642 1126 2682 201
1159 2635 1256 2680 iam
1291 2638 1420 2680 certa
1453 2636 1768 2681 Marklandus
1795 2637 1812 2695 ΙΙ

42 2708 43 2739 1
127 2696 215 2738 205
244 2705 352 2737 mea
391 2695 491 2750 (om.
525 2696 631 2749 que)
662 2698 737 2737 PB
749 2694 916 2739 G²ScG
939 2710 997 2740 m.
1021 2710 1102 2742 sec.
1127 2700 1211 2738 ΠΤ
1233 2698 1249 2752 ss
1273 2700 1358 2740 206
1392 2708 1588 2751 corpora
1616 2694 1813 2740 reddere

120 2750 257 2795 3⁹⁹0
286 2752 398 2797 Βοὴ.
430 2757 473 2795 11
502 2754 518 2810 ΙΙ
548 2758 635 2798 208
675 2753 862 2799 adolere
900 2759 933 2798 Ρ
956 2757 972 2813 ΙΙ
995 2760 1080 2800 212
1115 2756 1162 2799 et
1193 2755 1501 2799 Baehrensius
1533 2754 1615 2797 aut
1645 2755 1772 2800 codd.
1797 2754 1813 2813 Ι

42 2861 43 2867 ¹
71 2862 75 2866 ⁵
126 2812 212 2855 218
249 2823 357 2856 reus
394 2816 427 2855 P
459 2827 536 2869 pr.
567 2827 624 2858 m.
664 2825 769 2856 reos
800 2817 833 2856 P
863 2829 919 2858 m.
951 2828 1033 2860 sec.
1065 2817 1081 2871 ΙΙ
1111 2819 1199 2858 214
1229 2813 1279 2857 hi
1309 2812 1445 2856 fletus
1477 2818 1510 2855 P
1540 2813 1581 2856 is
1613 2812 1750 2858 fietus
1781 2819 1814 2857 Ῥ

124 2866 178 2911 hi
207 2883 290 2915 om.
322 2872 456 2917 ceteri
484 2873 500 2929 ΙΙ
530 2876 616 2916 223
648 2871 824 2916 rosalia
851 2877 885 2916 P
912 2875 919 2930 Ι
944 2873 1152 2930 pendent
1181 2878 1214 2915 P
1244 2872 1426 2930 pallent
1457 2874 1589 2917 ceteri
