1976 3094
640 96 984 155 mammos
1015 98 1125 145 LIB.
1157 98 1214 146 v,
1677 99 1780 155 137

93 220 311 294 Figitur
349 220 465 276 alta
504 220 634 275 solo,
709 219 931 291 Longus
971 220 1062 275 vix
1100 223 1217 275 tota
1254 222 1466 292 peregit

0 331 30 350 ·,
72 295 340 350 ,Membra
376 293 555 365 dolor,
593 294 785 365 rapido
826 295 970 349 celer
1008 295 1100 349 ille
1140 294 1417 350 volumine
1454 296 1626 351 telum
1696 310 1784 352 575

95 368 302 426 Circuit
339 369 693 440 avulsumque
733 368 910 423 ferens
949 369 1007 423 in
1047 387 1215 440 opaca
1253 369 1459 441 refugit

94 443 324 515 Templa
360 442 469 514 dei3
508 442 596 497 hic
636 460 836 515 magno
875 443 1124 498 tellurem
1163 444 1399 515 pondere
1438 464 1657 500 mensus

94 517 483 590 Implorantem
524 518 762 572 animam
801 518 1037 572 dominis
1077 518 1335 573 adsibilat
1373 519 1494 574 aris.

38 653 39 659 ¹
90 592 256 648 Illum
296 594 352 647 et
390 594 654 664 cognatae
695 595 891 663 stagna
929 593 1272 663 indignantia
1310 592 1540 663 Lernae,

91 665 342 722 Floribus
382 670 438 720 et
474 667 654 722 vernis
695 666 950 721 adsuetae
990 685 1248 739 spargere
1287 668 1599 739 Nymphae,
1698 682 1786 724 580

92 739 168 798 Et
205 739 438 797 Nemees
478 744 724 812 reptatus
765 758 916 812 ager,
956 742 1214 812 lucosque
1252 760 1350 812 per
1390 762 1576 797 omnes

93 813 381 871 Silvicolae
419 814 596 870 fracta
634 816 922 887 gemuistis
961 816 1283 886 harundine,
1322 816 1510 872 Fauni

89 889 214 962 Ipse
254 889 418 945 etiam
459 907 488 944 e
527 908 738 944 summa
776 891 884 944 iam
923 891 1034 944 tela
1072 895 1397 961 poposcerat
1436 892 1628 946 aethra

89 964 360 1036 Iuppiter,
399 966 454 1018 et
491 964 691 1018 dudum
731 965 1008 1050 nimbique
1048 965 1361 1036 hiemesque
1401 967 1643 1036 coibant,

89 1037 164 1095 Ni
202 1038 384 1093 minor
422 1038 506 1092 ira
545 1038 646 1094 deo
685 1040 1043 1110 gravioraque
1081 1041 1192 1093 tela
1230 1040 1426 1095 mereri
1697 1052 1784 1095 585

93 1111 351 1168 Servatus
390 1110 695 1183 Capaneus3
735 1114 872 1168 moti
910 1117 1093 1168 tamen
1133 1133 1266 1168 aura
1303 1116 1543 1169 cucurrit

90 1186 355 1242 Fulminis
395 1190 452 1241 et
490 1205 731 1242 summas
771 1188 967 1242 libavit
1005 1189 1205 1243 vertice
1245 1189 1453 1243 cristas,

30 1270 31 1273 ’
165 1261 392 1332 Iamque
431 1263 724 1332 pererratis
765 1262 952 1316 infelix
990 1262 1218 1317 Lemnia
1258 1263 1487 1333 campis,

86 1335 254 1391 Liber
292 1337 355 1389 ut
393 1353 570 1407 angue
607 1336 782 1406 locus,
821 1336 1032 1391 modico
1074 1355 1236 1408 super
1276 1354 1475 1409 aggere
1515 1339 1678 1409 longe

89 1409 306 1465 Pallida
346 1411 659 1480 sanguineis
698 1411 929 1465 infectas
968 1411 1183 1465 roribus
1222 1411 1421 1466 herbas
1701 1425 1788 1467 590

89 1483 376 1556 Prospicit.
451 1483 575 1539 Huc
613 1502 815 1557 magno
855 1504 1072 1539 cursum
1110 1486 1257 1555 rapit
1295 1486 1460 1540 effera
1498 1486 1647 1540 luctu

91 1557 470 1630 Agnoscitque
508 1558 684 1629 nefas,
722 1562 1005 1630 terraeque
1045 1560 1210 1614 inlisa
1247 1560 1465 1614 nocenti

90 1631 360 1688 Fulminis
398 1634 456 1687 in
494 1651 703 1688 morem
740 1652 851 1688 non
888 1635 1055 1688 verba
1093 1635 1151 1688 in
1190 1635 1377 1688 funere
1416 1635 1617 1704 primo,

90 1706 219 1762 Non
254 1707 507 1762 lacrimas
545 1707 736 1763 habet·
777 1709 1080 1780 ingeminat
1118 1709 1319 1764 misera
1355 1709 1543 1763 oscula
1573 1712 1788 1763 tantum

92 1781 418 1836 Incumbens
443 1782 759 1853 animaeque
781 1781 972 1855 fugam
994 1802 1093 1853 per
1116 1784 1361 1837 membra
1384 1787 1662 1854 tepentem
1701 1797 1788 1838 595

93 1855 320 1919 Quaerit
355 1855 531 1910 hians.
605 1856 734 1911 Non
772 1875 870 1911 ora
907 1858 1048 1929 loco,
1086 1876 1197 1912 non
1235 1862 1459 1928 pectora
1496 1862 1729 1928 restant,

91 1929 276 2001 Rapta
316 1930 479 2000 cut1S,
517 1931 707 1984 tenuia
745 1949 870 1985 ossa
908 1935 1099 2001 patent
1137 1950 1417 2003 nexusque
1456 1933 1737 1987 madentes

93 2001 388 2075 Sanguinis
427 2004 603 2058 imbre
642 2004 792 2074 novi,
831 2008 1118 2077 totumque
1158 2007 1216 2060 in
1252 2007 1474 2061 vulnere
1514 2025 1725 2078 eorpus.

90 2076 174 2132 Ac
212 2078 364 2132 velut
403 2079 642 2150 aligerae
683 2079 865 2133 sedem
902 2079 1154 2150 fetusque
1191 2082 1436 2150 parentis

93 2150 232 2207 Cum
270 2152 429 2225 piger
467 2154 726 2207 umbrosa
763 2154 1059 2224 populatus
1099 2154 1156 2207 in
1194 2155 1317 2208 ilice
1357 2173 1602 2226 serpens„
1702 2169 1789 2210 600

220 2332 321 2375 585.
357 2329 687 2387 ‘gravioraque
720 2331 754 2376 t.
786 2330 975 2375 mereri'
1011 2331 1185 2378 schol.
1217 2330 1362 2377 Theb.
1394 2331 1416 2375 I
1447 2335 1505 2377 45
1537 2347 1582 2390 p.
1616 2337 1644 2377 4
1674 2331 1725 2379 L.

56 2447 71 2529 ᾖ,
216 2482 303 2524 574
333 2476 520 2535 Figitur
548 2477 689 2522 hasta
711 2482 826 2521 1²11.
860 2480 964 2523 asta
988 2484 1023 2522 G
1055 2481 1163 2524 acta
1176 2479 1411 2525 Heinsius
1432 2482 1447 2538 ΙΙ
1472 2486 1558 2527 577
1583 2480 1788 2539 Templa.

56 2534 270 2584 dehinc
308 2550 482 2595 magno
514 2542 704 2594 propter
744 2538 948 2583 eli-sionis
985 2541 1275 2597 asperitatem
1306 2541 1498 2586 coniecit
1538 2542 1792 2586 Muellerus

0 2616 1 2619 ¹
47 2600 265 2714 gam.
297 2610 348 2655 p.
388 2600 471 2653 16,
510 2596 588 2641 sed
618 2597 676 2652 cf.
717 2597 788 2640 II
811 2601 905 2643 453
944 2598 1023 2642 VI
1050 2602 1159 2646 206.
1192 2601 1288 2645 229
1318 2604 1360 2644 et
1397 2613 1513 2656 quae
1550 2601 1791 2645 adnotavit

188 2654 428 2714 Κῖαφρίαε
465 2657 520 2700 in
553 2669 712 2712 proqr.
747 2656 950 2702 Posmm
983 2662 1111 2703 1868
1143 2673 1193 2715 p.
1227 2662 1288 2702 16
1325 2672 1499 2715 magno
1531 2659 1609 2703 hie
1639 2659 1789 2704 Baeh-

91 2715 273 2762 raucius
293 2716 311 2773 ΙΙ
333 2719 419 2760 582
444 2714 596 2774 fracte
614 2719 647 2759 Ρ
669 2716 685 2772 ΙΙ
709 2719 795 2760 583
814 2729 839 2760 e
864 2730 1046 2761 summa
1061 2718 1253 2761 PG²SM
1272 2716 1533 2763 Gronovius
1557 2732 1586 2762 a
1610 2732 1793 2762 summa

96 2784 137 2822 π
159 2777 477 2819 mmmaBrH
491 2775 603 2820 Βοὴ
633 2776 640 2832 Ι
667 2776 767 2818 tam
789 2774 888 2820 tela
910 2781 943 2819 P
966 2778 983 2834 ΙΙ
1005 2781 1092 2821 593
1116 2776 1167 2820 in
1188 2775 1382 2820 vulnere
1406 2777 1643 2823 Bentleius
1666 2778 1681 2835 ss
1705 2782 1788 2822 597

96 2830 278 2892 tenuia]
315 2835 373 2890 ef.
415 2833 494 2878 VI
520 2838 609 2880 181
647 2834 769 2877 XII
793 2838 826 2880 2
858 2834 967 2880 Sile.
1003 2837 1039 2879 I
1067 2840 1109 2890 4,
1142 2839 1203 2881 36
