1988 3106
669 147 978 194 SILUARUM
1010 146 1059 192 L.
1092 146 1126 203 1,
1160 151 1199 191 5.
1733 143 1799 197 31

35 265 140 324 Uix
178 268 327 322 loeus
366 266 624 337 Eurotae,
662 267 847 321 uiridis
885 285 1004 321 cum
1043 267 1228 336 regula
1264 266 1428 334 longo
1746 277 1804 317 4ο

36 338 290 412 Synnada
329 340 584 395 distinctu
622 341 811 394 uariat.
871 358 989 394 non¹
1019 340 1222 392 lumina
1259 341 1493 405 cessant,

26 424 31 435 '
85 415 315 485 ffulgent
353 431 614 484 camerae,
653 414 802 467 uario
841 413 1060 483 fastigia
1098 414 1238 466 uitro

24 489 33 547 ἶ
142 488 344 558 speeies
385 488 624 541 animata
661 487 852 540 nitent.
916 490 1095 556 stupet
1126 487 1241 555 ipse
1279 485 1466 538 beatas

20 561 437 631 „ircumplexus
475 578 604 630 opes
643 563 698 614 et
734 560 946 629 parcius
985 561 1213 628 imperat
1250 559 1406 629 ignis,

22 627 242 702 {Multus
281 634 477 704 ubique
517 634 651 703 diae,
689 634 852 687 radiis
892 634 982 686 ubi
1021 633 1255 686 culmina
1294 631 1422 685 totis
1747 643 1804 684 45

26 707 286 766 ferforat
325 710 481 778 atque
521 708 626 762 alio
666 707 747 761 sol
785 707 1060 775 improbus
1100 708 1269 759 uritur
1309 707 1475 758 aestu.

27 807 60 852 ξι»
90 781 129 835 il
167 781 241 834 ibi
280 781 570 850 plebeium3
607 799 874 850 nusquam
912 779 1201 833 Temesaea
1238 778 1453 832 notabis

28 856 63 910 f:
88 873 197 921 era,
238 854 330 908 sed
367 857 590 925 argento
629 854 755 907 felix
794 853 1112 923 propellitur
1151 852 1294 905 unda

30 909 380 1003 {rgentoque
419 927 562 982 eadit
598 928 866 997 labrisque
905 926 1201 980 nitentibus
1241 926 1409 978 instat

30 1005 44 1070 ἒξ
58 1008 74 1045 ⁵³
91 1001 269 1055 elicias
308 1001 502 1055 mirata·
540 1019 664 1055 suas
705 1003 758 1054 et
797 1001 942 1054 abire
982 1003 1207 1053 recusat.
1749 1012 1805 1051 50

32 1078 208 1128 xtra
246 1077 423 1128 autem
462 1074 619 1129 niueo
650 1075 741 1144 qui
780 1074 1020 1144 margine
1059 1073 1299 1126 caerulus
1338 1071 1511 1125 amnis

62 1148 192 1202 liuit
231 1151 284 1202 et
323 1148 390 1201 ab
431 1166 638 1202 summo
676 1148 902 1200 fundum
941 1150 1089 1216 patet
1127 1147 1299 1199 omnis
1340 1146 1393 1198 in
1435 1146 1620 1214 imum,

69 1222 137 1276 ui
176 1239 288 1275 non
325 1222 401 1275 ire
440 1221 558 1275 lacu
597 1221 883 1291 pigrosque
922 1221 1193 1273 exsoluere
1225 1220 1451 1273 amictus

72 1318 76 1323 -
115 1295 308 1348 adeat?
368 1295 469 1348 hoc
507 1295 692 1348 mallet
728 1294 878 1347 nasci
917 1292 1185 1362 Cytherea
1223 1292 1512 1362 profundO,

69 1369 142 1422 ic
179 1372 234 1422 te
271 1368 611 1437 perspicuum
649 1368 858 1436 melius,
899 1366 1169 1435 Narcisse,
1209 1366 1438 1435 uideres-2,
1751 1378 1805 1419 55

71 1446 141 1506 *ie
179 1441 337 1495 uelox
374 1440 575 1494 Hecate
615 1441 747 1494 uelit
785 1444 838 1493 et
876 1441 1135 1509 deprensa
1174 1441 1357 1492 lauari.

35 1513 72 1552 '³
88 1515 176 1568 uid
213 1532 356 1568 nunc
395 1517 566 1568 strata
604 1514 718 1568 solo
757 1514 983 1566 referam
1023 1514 1267 1566 tabulata
1305 1512 1571 1581 crepantis

78 1588 502 1657 ¹uditura·pila.S‚
538 1591 600 1642 ut
636 1588 921 1658 languidus
959 1587 1101 1657 ignis
1140 1587 1345 1639 inerrat

32 1685 59 1734 '12
66 1662 276 1725 ,edibus
315 1665 370 1715 et
405 1664 622 1715 tenuem
661 1662 889 1715 uoluunt
925 1661 1258 1730 hypocausta
1299 1658 1586 1728 uaporem?

39 1741 153 1788 Nee
193 1737 239 1788 si
276 1734 494 1788 Baianis
532 1735 715 1788 ueniat
749 1753 923 1789 nouus
960 1734 1155 1803 hospes
1193 1734 1261 1786 ab
1301 1734 1424 1802 orie,
1750 1746 1807 1786 oo

35 1867 37 1880 γ
89 1809 194 1862 alia
232 1809 491 1877 despiciat
529 1808 634 1876 (fas
674 1808 746 1861 sit
783 1826 1099 1876 componere
1139 1807 1349 1876 magnis

29 1881 252 1957 sarua),
290 1881 541 1935 Neronea
576 1899 674 1935 nec
712 1882 802 1950 qui
841 1881 1000 1935 modo
1038 1881 1182 1934 lotus
1222 1882 1278 1932 in
1317 1879 1482 1948 unda,

29 1954 144 2009 Hie
182 1956 377 2009 iterum
418 1955 607 2008 sudare
645 1958 820 2025 neget.
881 1957 1053 2007 macte
1093 1972 1183 2008 ore
1221 1954 1418 2006 nitenti

39 2029 252 2098 ngenii
289 2046 518 2098 curaque
556 2030 728 2098 puerl'
758 2031 935 2081 tecum
973 2028 1078 2080 ista
1116 2030 1418 2092 senescant,

38 2102 51 2161 ,l
93 2106 116 2155 t
152 2105 247 2154 tua
283 2101 391 2155 iam
429 2108 481 2154 in
519 2102 709 2154 melius
749 2102 920 2154 discat
957 2101 1175 2153 fortuna
1212 2100 1444 2152 renasci!
1749 2113 1807 2154 65

51 2364 62 2386 ,-
160 2339 217 2378 40
247 2333 386 2379 uiridi
418 2338 459 2378 et
488 2333 632 2390 longa
658 2333 789 2378 Dom.
815 2334 830 2389 ΙΙ
855 2339 906 2377 41
942 2333 1213 2377 distinctum
1238 2336 1275 2375 A
1299 2337 1340 2384 c,
1367 2345 1480 2376 corr.
1509 2331 1773 2376 Politianus
1798 2341 1806 2391 j

42 2424 45 2431 ·
76 2393 220 2438 mina
250 2397 300 2437 0:
332 2392 494 2437 limina
523 2396 561 2435 A
594 2397 622 2436 ς
646 2393 740 2448 1143
765 2393 972 2437 animata
998 2393 1194 2436 Markl:
1225 2391 1471 2446 animoque
1504 2396 1531 2432 c
1556 2407 1583 2433 a
1614 2391 1808 2436 animos·

89 2466 132 2496 e
163 2452 293 2496 Dom.
327 2450 536 2495 animosa
565 2451 787 2495 Heinsius
816 2454 831 2507 u
863 2457 917 2495 47
950 2451 1188 2495 themesea
1219 2465 1266 2493 a:
1306 2452 1538 2493 teumessa
1569 2451 1640 2493 uel
1675 2453 1811 2494 tenus

16 2534 21 2552 -,
102 2530 107 2547 =
152 2512 297 2568 01152
329 2509 376 2554 in
406 2509 601 2553 fundum
633 2524 812 2554 summo
844 2525 888 2567 p.
922 2524 960 2554 ο.
994 2510 1053 2554 ab
1085 2509 1177 2553 imo
1209 2513 1237 2551 c
1261 2523 1301 2563 a,
1334 2510 1511 2552 correxi
1540 2510 1556 2564 ΙΙ
1588 2515 1641 2552 57
1675 2511 1808 2553 tubu-

0 2588 2 2612 ι
90 2569 143 2613 ta
183 2569 253 2614 W.
293 2568 352 2613 A.
390 2568 572 2623 Becker,
613 2567 776 2612 Gallus
817 2569 852 2612 Ι
877 2582 927 2624 p.
960 2573 1052 2613 281
1093 2569 1108 2623 ΙΙ
1147 2571 1203 2611 58
1235 2570 1289 2610 ut
1327 2580 1426 2623 eqo:
1466 2567 1606 2611 ubic
1637 2583 1665 2609 a
1700 2569 1717 2623 ΙΙ
1755 2574 1807 2612 61

0 2650 14 2679 φ
102 2627 268 2684 spioiet
311 2631 341 2670 0
381 2641 408 2670 a.
443 2628 459 2683 ΙΙ
498 2631 552 2670 63
583 2639 643 2683 sq.
687 2629 839 2671 macte
886 2641 965 2671 oro
1013 2626 1181 2670 nitenti
1227 2625 1416 2681 Ingenio
1465 2638 1665 2681 curaque
1710 2631 1739 2668 c
1770 2642 1810 2681 a,

0 2713 15 2738 ι
95 2687 234 2730 rexi.
294 2685 484 2743 Ingenio
517 2685 733 2742 cultuque
766 2686 941 2731 Markl.
979 2688 995 2743 fl
1034 2690 1088 2730 65
1119 2686 1168 2729 in
1205 2685 1371 2730 melius
1405 2684 1602 2729 MarkL:
1646 2685 1810 2729 melius

0 2765 23 2797 a.
103 2759 132 2788 a
161 2743 324 2790 melior
353 2745 592 2788 Auantius
