1976 3094
204 133 274 188 70
778 132 828 176 P.
861 129 1092 175 PAPINII
1123 129 1319 175 STATII

202 254 544 309 Vociferans:
586 253 795 322 ‘Arma,
836 271 987 306 arma
1026 253 1148 321 viri,
1185 255 1352 322 tuque
1391 252 1594 322 optime
1632 250 1839 304 Lernae

201 328 431 399 Ductor,
470 327 876 396 magnanimum
919 327 964 379 si
1003 327 1122 395 quis
1161 326 1263 379 tibi
1303 326 1522 396 sanguis
1562 344 1807 394 avorum,

1926 0 1959 242 l

202 402 375 456 Arma
405 402 557 468 para!
596 400 882 470 Nusquam
904 401 1099 470 pietaS,
1130 418 1239 454 non
1264 400 1515 470 gentibus
1541 418 1771 470 aequum
1803 412 1888 453 350
1944 391 1961 460 j

200 476 307 531 Fas
349 479 442 529 aut
479 493 607 528 cura
645 474 812 544 Iovis3
852 475 1045 528 melius
1086 475 1299 545 legatus
1340 474 1572 527 adissem

203 550 552 605 Sauromatas
592 549 811 603 rabidos
853 552 1291 618 servatoremque
1332 552 1613 602 cruentum

201 624 454 693 Bebrycii
491 624 743 677 nemoris
819 622 932 677 Nec
971 624 1119 676 iussa
1156 623 1343 676 incuso
1383 623 1600 692 pigetve

203 698 402 752 Officii:
442 698 594 751 iuvat
633 699 762 768 isse,
800 699 972 767 iuvat,
1011 698 1330 766 Thebasque
1368 699 1625 750 nocentes

204 774 537 842 Explorasse
577 791 762 843 manu3
802 772 947 826 bello
987 790 1100 841 me,
1139 771 1363 840 credite,
1401 771 1570 839 bello,
1805 782 1891 823 355

204 846 315 901 Ceu
354 847 547 900 turrim
587 847 822 900 validam
864 850 958 899 aut
997 848 1172 899 artam
1211 845 1564 916 compagibus
1604 845 1816 913 urbem,

201 921 412 975 Delecti
451 921 662 974 insidiis
701 921 1061 990 instructique
1101 920 1352 973 omnibus
1393 919 1558 973 armis

200 996 377 1051 Nocte
417 995 646 1065 doloque
685 995 788 1048 viri
825 995 1027 1048 nudum
1065 995 1422 1064 ignarumque
1462 994 1705 1047 locorum

199 1069 544 1140 Nequiquam
585 1070 844 1140 clausere3
884 1070 1061 1122 iacent
1098 1070 1157 1121 in
1197 1069 1460 1138 sanguine
1501 1068 1658 1120 mixti

200 1143 347 1197 Ante
371 1146 560 1197 urbem
577 1162 816 1197 vacuam.
857 1142 1013 1196 Nunc
1032 1162 1078 1213 ο,
1101 1162 1245 1196 nunc
1269 1147 1482 1213 tempus
1499 1142 1558 1195 in
1572 1142 1775 1210 hostes,
1801 1154 1889 1194 360

200 1218 347 1272 Dum
393 1218 594 1288 trepidi
641 1235 1016 1288 exanguesque
1057 1221 1224 1287 metU,
1265 1218 1390 1270 dum
1429 1217 1620 1270 funera
1658 1218 1894 1285 portant,

200 1292 374 1362 Nunc,
399 1311 566 1361 socer,
590 1292 723 1345 haec
741 1292 865 1360 dum
882 1311 991 1345 non
1008 1310 1200 1345 manus
1220 1292 1439 1362 excidit,
1462 1292 1577 1360 ipse
1599 1308 1700 1362 ego
1718 1290 1892 1342 fessus

205 1367 615 1438 Quinquaginta
653 1367 765 1420 illis
804 1367 1030 1420 heroum
1068 1366 1394 1420 immanibus
1433 1365 1640 1419 umbris

204 1440 550 1511 Vulneraque
591 1442 697 1494 ista
738 1441 916 1494 ferens
954 1441 1103 1510 putri
1141 1441 1401 1494 insiccata
1440 1458 1626 1494 cruore

1945 1205 1970 1510 πψψ-ψςῃμω
1952 1231 1955 1235 -
1946 1128 1967 1205 «ἡ»
1940 1063 1961 1082 s:

203 1515 461 1569 Protinus
501 1516 578 1568 ire
618 1514 796 1585 petol'
875 1515 1098 1585 Trepidi
1136 1515 1199 1568 de
1241 1515 1454 1568 sedibus
1497 1517 1680 1567 astant
1805 1524 1891 1566 365

200 1589 513 1659 Inachidae,
552 1589 867 1659 cunctisque
905 1590 1054 1658 prior
1094 1587 1378 1642 Cadmeius
1417 1589 1579 1642 heros

200 1663 453 1717 Accurrit
492 1664 704 1716 vultum
742 1663 979 1717 deiectus
1021 1666 1075 1716 et
1114 1662 1165 1716 ‘o
1207 1679 1308 1732 ego
1348 1663 1484 1716 divis

200 1736 413 1791 Invisus
454 1739 704 1807 vitaeque
743 1757 942 1792 nocens
981 1737 1116 1791 haec
1156 1737 1378 1791 vulnera
1417 1754 1576 1790 cerno

200 1811 457 1883 Integer?
499 1812 668 1865 hosne
708 1812 845 1865 mihi
883 1811 1112 1880 reditus,
1153 1827 1430 1881 germane,
1469 1809 1740 1881 parabas?

201 1885 266 1938 In
306 1905 391 1939 me
430 1887 562 1939 haec
601 1887 713 1939 tela
752 1886 936 1940 dabas
1012 1885 1117 1939 Pro
1157 1887 1301 1939 vitae
1339 1886 1497 1939 foeda
1536 1884 1754 1955 cupido!
1806 1897 1893 1937 370

203 1959 428 2030 Infelix,
467 1961 627 2013 fratri
666 1961 874 2014 facinus
915 1963 1028 2013 tam
1070 1960 1272 2031 grande
1311 1961 1522 2030 negavi.

200 2034 278 2088 Et
315 2053 455 2088 nunc
494 2038 676 2088 vestra
716 2035 930 2104 quidem
968 2037 1224 2088 maneant
1261 2035 1318 2087 in
1355 2053 1486 2103 pace
1527 2034 1708 2103 quieta

204 2108 445 2179 Moenia,
483 2128 582 2162 nec
622 2110 776 2163 vobis
815 2109 958 2162 tanti
998 2109 1101 2162 sim
1140 2127 1304 2162 causa
1343 2109 1611 2162 tumultus

206 2183 422 2253 Hospes
463 2183 651 2238 adhuc.
714 2183 835 2237 Scio
875 2181 997 2255 (nec
1028 2202 1115 2236 me
1148 2183 1279 2236 adeo
1312 2202 1396 2236 res
1429 2183 1620 2236 dextra
1651 2179 1895 2253 levavit),

205 2256 382 2319 Quam
421 2258 613 2310 durum
651 2259 819 2325 natis,
858 2258 1102 2310 thalamo
1143 2276 1304 2326 quam
1342 2257 1498 2311 triste
1537 2257 1746 2326 revelli,
1807 2269 1893 2310 375

208 2330 382 2392 Quam
420 2332 623 2401 patria3
660 2351 770 2385 non
810 2350 894 2384 me
933 2332 1097 2384 ullius
1138 2332 1328 2385 domus
1369 2332 1529 2385 anxia
1568 2332 1748 2400 culpet

331 2468 417 2507 376
443 2476 511 2517 sq.
546 2462 660 2505 ‘non
692 2489 746 2495 -—
779 2461 955 2506 lumine
986 2461 1105 2506 nati'
1142 2462 1288 2507 Serv.
1324 2462 1385 2506 ad
1416 2461 1529 2507 Aen.
1563 2462 1648 2506 XII
1683 2467 1750 2506 13.

323 2570 408 2610 350
443 2579 614 2625 equam
643 2570 675 2608 P
698 2567 713 2622 ΙΙ
737 2570 822 2609 352
855 2566 1044 2610 rabidos
1084 2567 1391 2623 Wakefieldus
1422 2566 1584 2611 avidos
1618 2567 1742 2610 codd.
1768 2567 1783 2623 ΙΙ
1808 2569 1892 2609 357

206 2624 464 2681 structique
490 2630 522 2668 P
545 2626 560 2682 ΙΙ
586 2630 670 2669 360
693 2638 893 2668 nocuam
917 2626 1225 2670 Baehrensius
1247 2626 1382 2671 hoste
1402 2630 1434 2668 P
1457 2628 1472 2683 ΙΙ
1496 2630 1581 2670 362
1606 2624 1740 2669 Nunc
1766 2637 1895 2669 socer

204 2684 293 2744 hec
319 2685 430 2728 dum
454 2697 548 2729 non
564 2690 596 2727 P
613 2684 735 2729 Dum
751 2684 918 2741 capulo
934 2685 1141 2728 nondum
1157 2684 1346 2728 BG²su
1368 2686 1384 2741 ss
1407 2689 1492 2729 365
1508 2698 1623 2741 paro
1641 2685 1866 2729 Barthius
1880 2684 1896 2750 U

205 2749 291 2789 367
326 2758 352 2788 o
385 2757 472 2800 ego
511 2748 631 2787 PGL
671 2757 729 2787 en
770 2757 856 2800 ego
895 2745 1089 2787 BG²SM
1124 2747 1139 2802 ΙΙ
1170 2750 1257 2789 370
1295 2744 1394 2788 tela
1422 2743 1517 2788 mei
1546 2749 1579 2786 P
1602 2746 1617 2801 ΙΙ
1641 2748 1723 2788 491
1759 2743 1895 2787 fratri

205 2802 386 2846 facinus
418 2807 546 2847 PGJz
581 2804 721 2859 Pray.
758 2808 783 2846 1
815 2809 847 2845 Ι,
879 2803 1059 2847 facinus
1092 2802 1228 2847 fratri
1258 2803 1448 2846 BG²SM
1469 2804 1484 2860 ΙΙ
1509 2808 1594 2848 372
1628 2802 1788 2859 quieta
1817 2806 1894 2845 PG

210 2861 351 2919 Ρναῃ.
389 2867 414 2906 1
448 2875 611 2906 serena
640 2861 831 2905 BG2su
