1976 3126
165 171 275 224 296
745 169 793 215 P.
828 169 1058 217 PAPINII
1089 170 1280 217 sTATH

167 291 469 360 Laudibus3
510 291 598 344 hic
636 290 782 344 victa
821 292 1037 361 genitor
1074 292 1429 346 lacrimabilis
1468 294 1551 348 ira

167 365 479 435 Congemit‚
520 368 573 417 et
611 365 830 418 tandem
869 366 1033 418 matri
1072 365 1199 419 data
1235 367 1362 419 flere
1400 370 1667 437 potestas:

168 439 568 493 eLustralemne
607 439 735 491 feris
776 457 877 510 ego
917 443 994 508 te,
1034 458 1167 508 puer
1204 440 1413 511 inclite,
1453 441 1653 495 Thebis

89 569 91 572 ,
164 513 539 581 Devotumque
579 516 741 581 caput
779 514 904 567 vilis
945 531 1040 567 ceu
1078 517 1254 567 mater
1293 515 1541 568 alebam?

166 587 321 650 Quod
359 587 550 640 molita
588 587 785 639 nefas?
825 588 910 641 cui
947 590 1163 641 tantum
1201 589 1373 642 invisa
1412 589 1670 643 deorum?
1769 602 1858 644 795

165 660 294 715 Non
333 677 433 729 ego
474 661 822 714 monstrifero
864 662 1010 715 coitu
1048 662 1295 716 revoluta
1334 664 1531 717 novavi

164 735 426 805 Pignora,
464 753 563 788 nec
601 738 731 788 nato
770 736 956 804 peperi
993 736 1211 790 funesta
1249 745 1489 806 nepotes.

166 809 307 872 Quid
345 808 547 861 refert?
587 810 796 878 potitur
833 811 978 863 natis
1017 809 1234 864 Iocasta
1273 812 1537 881 ducesque

164 882 582 953 Regnantesque
621 883 789 936 videt:
827 902 927 937 nos
969 902 1130 939 saeva
1169 885 1383 954 piacula
1419 886 1563 939 bello

164 957 393 1026 Demus,
424 961 486 1009 ut
519 957 718 1010 alterni
745 955 948 1029 (placet
971 958 1074 1012 hoc
1096 959 1224 1029 tibi,
1253 959 1499 1013 fulminis
1526 962 1736 1034 auctor)
1769 976 1856 1017 800

167 1030 549 1100 Oedipodionii
588 1034 800 1084 mutent
840 1032 1146 1086 diademata
1183 1033 1401 1087 fratres!

166 1105 304 1167 Quid
344 1123 565 1174 superos
605 1106 920 1160 hominesve
961 1107 1193 1176 queror?
1232 1111 1314 1177 tn,
1355 1127 1513 1162 saeve
1551 1108 1862 1181 Menoeceu7

166 1178 251 1231 Tu
281 1179 539 1232 miseram
571 1183 695 1233 ante
728 1198 912 1233 omnes
940 1182 1247 1251 properasti
1272 1183 1584 1253 extinguere
1609 1188 1859 1239 matrem.

164 1252 319 1305 Unde
359 1253 447 1306 hic
486 1254 675 1306 mortis
716 1254 906 1307 amor?
946 1274 1082 1325 quae
1122 1274 1276 1309 sacra
1313 1257 1527 1310 insania
1565 1259 1772 1312 menti?

166 1326 380 1389 Quosve
413 1345 513 1397 ego
548 1331 859 1397 conceptus,
893 1333 988 1382 aut
1019 1349 1155 1399 quae
1188 1331 1332 1384 mala
1362 1332 1593 1402 pignora
1616 1332 1731 1386 fudi
1770 1346 1857 1387 805

165 1400 302 1472 Tam
345 1401 557 1454 diversa
596 1402 768 1455 mihi?
806 1402 1063 1457 nimirum
1101 1404 1335 1458 Martius
1376 1406 1565 1476 anguis
1576 1449 1590 1475 ,

165 1473 420 1544 Quaeque
459 1476 614 1529 novis
654 1494 916 1545 proavum
955 1479 1115 1531 tellus
1157 1479 1393 1532 effloruit
1432 1480 1596 1532 armis
1634 1511 1708 1518 —

162 1548 308 1601 Hinc
349 1549 516 1601 animi
554 1550 738 1603 tristes
778 1551 1085 1621 nimiusque
1123 1552 1181 1604 in
1220 1556 1437 1621 pectore
1476 1553 1718 1623 Mavors,

162 1621 238 1675 Et
278 1623 341 1675 de
382 1626 554 1675 matre
592 1623 745 1677 nihil.
821 1622 1026 1693 Sponte
1066 1644 1133 1678 en
1171 1627 1419 1696 ultroque
1458 1632 1770 1697 peremptus

163 1695 438 1765 Inrumpis
478 1700 714 1750 maestas
753 1697 883 1750 fatis
923 1699 1234 1752 nolentibus
1274 1701 1518 1754 umbras:
1766 1716 1854 1757 810

163 1770 270 1823 Ast
310 1773 525 1839 egomet
562 1770 782 1824 Danaos
823 1769 1179 1842 Capaneaque
1217 1775 1331 1827 tela
1370 1775 1608 1828 verebar.

162 1843 317 1897 Haec
338 1847 468 1912 erat,
493 1844 626 1897 haec
643 1845 931 1898 metuenda
947 1865 1139 1900 manus
1156 1847 1482 1919 ferrumque,
1508 1850 1651 1918 quod
1669 1869 1857 1905 amens

162 1917 292 1987 Ipsa
331 1918 476 1987 dedi3
515 1918 692 1972 viden'
734 1923 795 1972 ut
833 1920 1018 1989 iugulo
1058 1923 1452 1992 consumpserit
1490 1924 1713 1977 ensem?

161 1991 343 2044 Altius
383 1991 518 2044 haut
558 1993 843 2062 quisquam
883 1993 1133 2048 Danaum
1170 2014 1427 2050 mucrone
1467 1998 1735 2052 subisset?

235 2065 456 2119 Diceret
493 2066 684 2119 infelix
723 2067 1020 2121 etiamnum
1059 2073 1113 2122 et
1152 2073 1345 2124 cuncta
1381 2072 1617 2141 repleret
1767 2085 1856 2126 815

164 2139 516 2202 Quaestibus:
558 2141 833 2194 abducunt
873 2143 1093 2196 comites
1132 2143 1470 2215 famulaeque
1509 2164 1760 2215 perosam

163 2211 412 2267 Solantes
451 2214 805 2285 thalamoque
843 2219 1057 2286 tenent,
1096 2217 1247 2271 sedet
1287 2224 1439 2273 eruta
1477 2220 1651 2274 multo

161 2286 357 2357 Ungue
397 2305 587 2360 genas3
627 2308 739 2343 non
776 2290 874 2343 illa
913 2290 1077 2361 diem,
1115 2310 1226 2346 non
1263 2293 1429 2346 verba
1466 2298 1786 2364 precantum

281 2419 412 2464 Inter
442 2434 481 2464 v.
516 2423 603 2465 791
637 2425 679 2465 et
709 2423 803 2466 792
841 2422 894 2465 in
926 2426 959 2464 P
989 2436 1142 2468 versus
1173 2437 1330 2468 erasus
1360 2438 1450 2469 esse
1478 2425 1680 2480 videtur,
1721 2426 1858 2471 cuius

160 2477 349 2523 initium
403 2480 579 2524 litterae
608 2480 797 2533 fuerunt
827 2482 882 2524 In
914 2514 924 2524 .
951 2517 960 2526 .
988 2516 996 2525 .
1022 2483 1038 2539 ΙΙ
1063 2487 1086 2526 7
1092 2487 1148 2527 96
1194 2481 1323 2526 cultu
1354 2487 1387 2526 P
1414 2486 1420 2538 Ι
1447 2484 1618 2528 novavi
1650 2499 1676 2538 p
1708 2485 1847 2530 Behh.

159 2542 199 2580 R
247 2536 366 2583 Gozb.
415 2541 457 2580 Η
504 2539 727 2583 Heinsius
771 2538 1101 2585 Lachmannus
1153 2540 1315 2585 notavi
1358 2541 1512 2586 30:²11
1565 2543 1727 2587 natavi
1773 2548 1806 2586 P
1835 2543 1850 2603 Η

163 2600 248 2641 798
273 2601 314 2641 et
348 2601 431 2641 799
464 2598 517 2642 in
539 2602 572 2640 P
603 2599 723 2642 inter
753 2612 798 2643 se
827 2601 1099 2655 transpositi
1125 2601 1337 2658 leyuntur
1359 2602 1377 2658 ΙΙ
1401 2606 1484 2646 798
1514 2601 1695 2658 potitur
1723 2601 1855 2646 natis>

161 2659 195 2697 P
226 2655 372 2699 habet
405 2669 512 2700 ecce
545 2670 651 2701 suos
683 2658 816 2702 ceteri
846 2670 954 2702 suos
987 2672 1069 2703 om.
1098 2664 1124 2702 S
1147 2662 1163 2717 ΙΙ
1186 2664 1274 2704 800
1305 2660 1499 2705 alternis
1523 2666 1557 2704 P
1578 2663 1594 2718 n
1618 2666 1703 2706 802
1738 2661 1853 2715 Quis

161 2718 193 2756 P
220 2716 227 2770 Ι
253 2714 511 2764 ωθῃοοὶιθςό
541 2721 574 2759 P
605 2718 620 2773 ΙΙ
652 2721 737 2762 803
770 2715 990 2774 extingue
1021 2723 1054 2761 P
1077 2719 1091 2775 ΙΙ
1116 2724 1201 2764 805
1233 2719 1361 2763 mala
1389 2725 1467 2763 PG
1497 2720 1620 2764 male
1652 2720 1805 2763 3621
1834 2720 1850 2779 Η

160 2773 292 2819 Inter
321 2788 360 2819 υ.
388 2779 484 2820 808
508 2780 549 2820 et
572 2779 663 2821 809
695 2778 860 2821 iterum
890 2778 943 2821 in
965 2781 998 2819 P
1028 2791 1184 2823 versus
1214 2792 1371 2824 erasus
1398 2784 1475 2835 est,
1508 2781 1639 2824 cuius
1662 2781 1853 2825 initium

157 2832 301 2885 fuisse
329 2834 510 2879 videtur
539 2834 741 2891 Inrump.
770 2870 778 2879 .
808 2869 816 2879 .
850 2837 906 2890 (v.
940 2837 1049 2893 810)
1074 2838 1089 2894 ΙΙ
1113 2841 1197 2883 811
1229 2837 1318 2881 Ast
1346 2842 1433 2881 ΒΜ
1463 2837 1527 2882 At
1556 2843 1589 2881 P
1619 2839 1728 2883 Βοὴ.
1763 2852 1848 2884 om.

161 2891 218 2931 G2’
242 2894 256 2946 Η
281 2897 366 2935 814
399 2894 482 2936 aut
512 2898 544 2935 P
571 2896 578 2949 1
607 2894 758 2938 danao
790 2899 854 2936 Bc
