1976 3094
619 157 960 206 THEBAIDOS
990 158 1101 205 LIB.
1134 158 1232 205 VII.
1667 159 1779 213 205

13 312 15 326 ‹
91 280 417 336 Sternuntur
454 282 630 334 terrae
669 278 949 334 Menaleus
988 280 1173 351 pedes,
1212 279 1489 349 Antiphus
1530 280 1644 334 alto
1690 295 1775 334 755

88 354 185 411 Nil
225 353 476 409 defensus
517 371 677 423 equo,
718 354 1038 424 genitusque
1078 354 1393 408 Heliconide
1432 354 1671 424 nympha

91 427 356 498 Aethion,
395 444 656 497 caesoque
695 428 915 482 infamis
953 428 1120 482 fratre
1157 429 1384 497 Polites,

90 501 436 572 Conatusque
473 502 610 555 toris
649 502 904 556 vittatam
946 503 1215 573 attingere
1255 502 1442 556 Manto

87 575 349 646 Lampus:
387 575 447 629 in
484 574 628 629 hunc
668 593 848 630 sacras
889 576 1140 630 Phoebus
1181 577 1331 630 dedit
1371 577 1488 646 ipse
1528 576 1779 645 sagittas.

87 649 163 706 Et
202 650 313 703 iam
352 648 668 719 cornipedes
708 650 906 720 trepidi
946 668 1008 703 ac
1039 650 1362 705 moribunda
1393 650 1648 704 reflantes
1690 664 1777 704 760

91 722 334 794 Corpora
371 723 641 777 rimantur
678 727 874 790 terras,
915 742 1207 794 omnesque
1247 743 1344 793 per
1382 727 1530 778 artus

89 796 279 853 Sulcus
320 799 376 851 et
413 797 598 851 incisis
639 798 811 851 altum
849 798 1008 851 rubet
1046 799 1228 852 orbita
1267 798 1539 852 membris,

87 868 205 926 Hos
244 872 353 924 iam
392 871 709 940 ignorantes
749 872 881 926 terit
919 872 1117 942 impius
1158 872 1298 940 axis,
1338 875 1396 925 at
1434 872 1517 925 illi

88 944 327 1000 Vulnere
367 945 662 999 semineces
702 942 826 1017 (nec
865 946 1103 999 devitare
1141 945 1396 1016 facultas)

87 1018 390 1073 Venturum
429 1036 590 1087 super
630 1037 725 1073 ora
763 1019 967 1088 vident3
1005 1020 1115 1073 iam
1153 1020 1363 1073 lubrica
1399 1019 1532 1073 tabo
1692 1032 1777 1073 ‘165

86 1093 282 1162 Frena,
319 1110 419 1146 nec
457 1092 637 1146 insisti
675 1093 919 1146 madidus
960 1094 1054 1146 dat
1091 1097 1260 1163 temo,
1298 1096 1555 1162 rotaeque

32 1167 33 1172 ’
91 1165 365 1238 Sanguine
403 1165 675 1236 difficiles,
714 1170 768 1220 et
805 1167 1011 1220 tardior
1048 1168 1254 1237 ungula
1290 1167 1454 1220 fossis

45 1303 46 1309 ¹
88 1239 428 1295 Visceribus:
466 1243 596 1301 tunc
634 1240 752 1309 ipse
790 1240 973 1294 furens
1013 1241 1069 1294 in
1109 1245 1284 1296 morte
1321 1241 1513 1294 relicta

91 1314 311 1384 Spicula
349 1316 405 1367 et
443 1331 471 1367 e
512 1314 703 1368 mediis
742 1318 988 1368 extantes
1029 1315 1243 1368 ossibus
1283 1315 1472 1368 hastas

89 1388 320 1457 Avellit‚
360 1386 593 1441 strident
632 1388 844 1441 animae
883 1406 1203 1459 currumque
1243 1391 1552 1459 sequuntur.
1691 1401 1776 1440 770

164 1461 404 1516 Tandem
442 1479 499 1515 se
536 1462 742 1515 famulo
783 1480 1053 1515 summum
1094 1463 1372 1516 confessus
1414 1461 1613 1531 Apollo

89 1534 274 1590 ‘Utere
311 1535 430 1589 luce
466 1538 564 1589 tua
603 1535 959 1606 longamque'
1000 1537 1100 1605 ait,
1141 1536 1321 1589 ‘indue
1359 1537 1586 1604 famam,

87 1606 233 1663 Dum
269 1609 374 1663 tibi
412 1627 498 1663 me
537 1610 779 1663 iunctum
820 1628 965 1663 mors
1004 1611 1317 1664 inrevocata
1356 1613 1586 1663 veretur.

92 1681 397 1737 Vincimur:
435 1683 656 1736 inmites
697 1683 801 1738 scis
840 1684 992 1737 nulla
1030 1684 1306 1738 revolvere
1349 1684 1547 1737 Parcas

93 1754 360 1826 Stamina3
398 1756 556 1826 vade,
594 1757 686 1811 diu
722 1758 938 1827 populis
978 1759 1248 1827 promissa
1287 1758 1541 1827 voluptas
1695 1770 1780 1809 ‘175

90 1828 320 1899 Elysiis»,
359 1833 501 1884 certe
538 1848 651 1885 non
687 1850 1003 1900 perpessure
1042 1830 1289 1886 Creontis

91 1903 329 1973 Imperia
369 1906 462 1957 aut
498 1905 667 1958 vetito
706 1906 879 1958 nudus
919 1906 1144 1959 iaciture
1184 1904 1466 1976 sepulcro?

92 1977 194 2031 Ille
231 1976 400 2030 refert
439 1981 646 2046 contra,
686 1981 742 2030 et
779 1979 1002 2047 paulum
1040 1980 1273 2048 respirat
1311 1980 1380 2032 ab
1420 1978 1608 2032 armis:

98 2050 264 2104 ‘Olim
301 2053 380 2120 te,
420 2048 675 2105 Cirrhaee
713 2055 890 2120 pater,
930 2053 1171 2121 peritura
1210 2053 1485 2105 sedentem

94 2124 181 2178 Ad
213 2125 343 2194 iuga
374 2122 519 2194 (quis
551 2127 738 2179 tantus
770 2125 983 2178 miseris
1015 2125 1191 2179 honor
1203 2125 1254 2196 ‘?)
1287 2145 1385 2179 axe
1408 2125 1663 2178 trementi
1696 2138 1782 2179 780

0 2261 1 2268 ἵ
96 2197 395 2267 Sensimus3
447 2198 716 2252 instantes
756 2217 989 2268 quonam
1028 2217 1198 2268 usque
1237 2200 1517 2252 morabere
1555 2195 1808 2252 manes?

215 2376 300 2417 755
331 2374 459 2416 terra
488 2373 824 2427 2302801191.
855 2375 932 2419 sed
963 2375 1019 2429 cf.
1046 2374 1131 2418 IX
1158 2378 1252 2419 816
1285 2374 1414 2431 Very.
1439 2373 1555 2419 Aen.
1583 2373 1670 2417 XI
1690 2374 1784 2432 8711

95 2430 335 2476 menaleus
364 2436 522 2486 PspH
560 2431 686 2477 Dan.
727 2434 784 2488 cf.
822 2433 899 2478 Ov.
941 2434 1051 2479 Met.
1099 2433 1143 2478 V
1166 2437 1263 2479 128
1302 2432 1541 2477 meneleus
1574 2438 1650 2476 Gr
1688 2446 1782 2477 me-

94 2520 227 2567 nales
249 2520 360 2565 Beh.
386 2525 418 2567 2
450 2519 690 2564 melaneus
722 2522 847 2566 codd.
878 2520 1102 2567 Gronovii
1131 2523 1231 2578 ipso
1248 2524 1379 2579 prob.
1413 2507 1628 2568 “elaneus
1650 2526 1685 2564 B
1719 2524 1784 2578 (m

97 2580 157 2624 al.
187 2594 246 2625 m.
287 2580 414 2635 add.)
454 2578 661 2623 melanes
694 2580 752 2622 (³²
788 2580 1001 2625 Melanus
1032 2583 1100 2626 vel
1137 2581 1379 2626 Melaneus
1415 2582 1636 2626 Heinsius
1658 2583 1674 2637 ΙΙ
1699 2586 1783 2625 757

19 2658 23 2659 ’
97 2636 271 2683 Aetion
302 2637 404 2682 1³92
435 2638 493 2683 R.
538 2638 781 2696 Unqerusn
807 2644 891 2684 758
931 2640 1186 2697 adiungere
1221 2641 1512 2698 Peyraredus
1535 2643 1550 2696 ΙΙ
1576 2645 1660 2684 760
1691 2641 1785 2683 tre-

130 2695 200 2742 idi
228 2701 302 2741 ΡΤ
332 2696 521 2754 trepida
550 2697 741 2740 BG2SM
763 2699 779 2754 ΙΙ
803 2703 886 2744 766
919 2698 1053 2744 insiti
1075 2705 1108 2742 P
1131 2702 1147 2756 ΙΙ
1171 2703 1256 2744 768
1287 2700 1440 2744 ferens
1464 2704 1497 2742 P
1521 2701 1537 2755 ΙΙ
1561 2704 1646 2744 ’ΠΟ
1679 2697 1783 2741 stri-

191 2756 215 2800 t
242 2761 276 2800 P
305 2757 417 2802 Beh.
449 2755 657 2801 stridunt
686 2758 820 2802 ceteri
846 2761 852 2811 Ι
880 2760 1099 2802 secuntur
1128 2759 1398 2802 PBG²GHc
1420 2761 1437 2815 ΙΙ
1461 2763 1542 2803 771
1579 2771 1783 2801 summus

97 2813 223 2861 Dan.
245 2817 262 2872 ΙΙ
286 2821 372 2861 774
395 2814 469 2859 fas
493 2815 626 2859 nulla
650 2817 687 2860 δ
710 2816 945 2863 Bentleius
968 2820 984 2874 ΙΙ
1009 2824 1091 2863 775
1118 2817 1296 2874 campis
1322 2819 1406 2861 ed*
1427 2818 1676 2873 Bentleius,
1707 2817 1788 2861 sed

96 2873 155 2928 cf.
186 2873 269 2918 IV
295 2877 389 2921 482
432 2875 574 2918 VIII
604 2879 662 2920 15
