1976 3094
223 153 293 206 68
802 151 853 196 P.
884 149 1117 195 PAPINH
1147 149 1342 196 STATII

222 273 384 328 Nunc
409 276 627 344 gentem
651 272 964 325 inmeritam
985 271 1072 310 —-'
1095 271 1370 326 Lacrimas
1393 291 1505 327 non
1526 273 1754 342 pertulit
1769 273 1914 327 ultra
1934 276 1941 309 ἕ

225 349 564 418 Bellipotens
574 389 588 416 ,
625 347 845 399 hastam
883 347 1039 399 laeva
1076 346 1372 400 transumit
1410 350 1464 400 et
1503 347 1614 400 alto

226 422 403 489 (Haut
442 419 618 491 mora)
660 421 882 474 desiluit
921 439 1103 490 curru,
1142 421 1422 490 clipeoque
1461 424 1736 491 receptam

221 497 416 551 Laedit
455 497 514 548 in
552 496 804 565 amplexu
843 495 1108 564 dictisque
1147 495 1226 549 ita
1263 496 1466 549 mulcet
1506 495 1714 550 amicis:
1972 554 1973 558 ,

298 570 362 624 ‘O
404 570 539 622 mihi
577 570 847 623 bellorum
887 569 1100 638 requies
1141 573 1196 622 et
1235 587 1390 624 sacra
1427 571 1676 639 voluptas
1829 583 1937 624 295
1971 582 1973 648 j

220 645 449 714 Unaque
489 663 596 714 pax
636 645 841 697 animo!
883 644 989 697 soli
1028 643 1114 697 cui
1150 646 1308 697 tanta
1345 647 1589 715 potestas
1971 650 1973 660 ⁴

219 719 594 788 Divorumque
632 718 1022 787 hominumque
1062 718 1197 771 meis
1238 737 1518 772 occurrere
1557 719 1680 772 telis

219 792 453 863 Impune
493 796 547 845 et
586 792 762 845 media
801 793 1047 863 quamvis
1086 792 1144 844 in
1183 793 1343 846 caede
1382 793 1671 847 frementes

219 867 337 921 Hos
377 868 641 920 adsistere
683 885 848 937 equos
861 909 875 934 ‚
913 867 1059 920 hunc
1099 885 1282 920 ensem
1321 867 1552 922 avellere
1594 868 1796 922 dextra.

221 941 337 995 Nec
377 942 511 994 mihi
551 940 758 995 Sidonii
798 941 1035 1011 genialia
1073 941 1293 995 foedera
1333 939 1525 996 Cadmi
1830 955 1916 996 300

219 1015 335 1069 Nec
375 1020 492 1085 tua,
532 1034 679 1084 cara,
718 1015 851 1069 fides
894 1014 985 1085 (ne
1024 1014 1166 1068 falsa
1203 1015 1470 1070 incessere
1511 1015 1734 1088 gaudel)

219 1089 558 1144 Exciderint:
597 1090 748 1160 prius
787 1090 846 1142 in
882 1090 1067 1159 patrui
1107 1090 1237 1143 deus
1276 1090 1452 1145 infera
1490 1109 1703 1161 mergar

222 1163 430 1235 Stagna
468 1168 524 1218 et
562 1165 830 1233 pallentes
873 1182 1008 1235 agar
1048 1167 1357 1219 exarmatus
1400 1166 1467 1218 ad
1505 1166 1743 1221 umbras,

221 1238 325 1293 Sed
362 1258 505 1293 nunc
542 1238 783 1296 fatorum
821 1239 1061 1292 monitus
1101 1242 1446 1309 mentemque
1486 1241 1725 1311 supremi

218 1311 406 1367 Iussus
447 1314 596 1366 obire
636 1313 810 1382 patris
853 1311 1051 1384 (neque
1091 1314 1234 1367 enim
1275 1313 1543 1368 Vulcania
1580 1316 1684 1369 tali
1831 1328 1916 1370 305

218 1386 457 1458 Imperio
499 1406 692 1440 manus
732 1391 862 1458 apta
901 1387 1060 1459 legi),
1102 1406 1207 1458 quo
1247 1392 1465 1458 pectore
1506 1393 1696 1444 contra

218 1460 304 1514 Ire
343 1461 531 1516 Iovem
572 1462 850 1531 dictasque
889 1481 1078 1531 parem
1119 1468 1462 1517 contemnere
1501 1465 1673 1536 legeS‚

223 1534 324 1590 Cui
363 1536 524 1590 modo
567 1534 689 1606 (pro
729 1536 915 1607 vires!)
955 1539 1129 1590 terras
1170 1537 1484 1608 caelumque
1522 1538 1827 1609 fretumque

224 1611 535 1663 Attremere
576 1611 754 1664 oranti
792 1613 1084 1680 tantosque
1124 1629 1189 1664 ex
1229 1611 1416 1665 ordine
1454 1612 1564 1666 vidi
1931 1660 1972 1691 Γ

222 1683 519 1738 Delituisse
559 1685 725 1738 deos?
783 1683 888 1737 Sed
927 1703 994 1738 ne
1033 1685 1171 1738 mihi
1203 1685 1362 1739 corde
1403 1705 1685 1756 supremos
1832 1701 1940 1741 31οκ

223 1757 484 1829 Concipe,
523 1777 670 1827 cara,
711 1762 911 1828 metus,
952 1759 1164 1828 quando
1204 1759 1340 1814 haec
1378 1764 1590 1815 mutare
1629 1766 1875 1833 potestas

225 1831 396 1886 Nulla
436 1833 622 1902 datur3
662 1852 784 1886 cum
823 1834 934 1886 iam
974 1833 1156 1903 Tyriis
1198 1835 1298 1887 sub
1338 1836 1621 1889 moenibus
1662 1837 1852 1890 ambae
1944 1889 1945 1893 ,

226 1905 522 1961 Bellabunt
560 1910 749 1977 gentes
760 1950 774 1977 ,
816 1907 976 1960 adero
1018 1911 1072 1961 et
1111 1908 1257 1962 socia
1296 1928 1447 1963 arma
1484 1910 1697 1965 iuvabo.

229 1981 382 2034 Tunc
420 2000 506 2035 me
547 1983 845 2051 sanguineo
885 1983 994 2034 late
1035 1982 1309 2037 defervere
1349 2002 1540 2054 campo

221 2055 331 2109 Res
373 2075 534 2125 super
571 2056 859 2126 Argolicas
899 2056 1034 2109 haut
1074 2057 1150 2110 sic
1182 2057 1398 2111 deiecta
1435 2059 1665 2129 videbis3
1832 2072 1916 2113 315
1964 2061 1967 2074 ”

223 2129 343 2183 Hoc
381 2131 517 2183 mihi
554 2132 665 2201 ius7
702 2149 802 2184 nec
840 2130 958 2185 fata
996 2130 1218 2185 vetant.³
1297 2130 1384 2186 Sic
1425 2151 1578 2186 orsus
1619 2137 1806 2204 aperto

342 2281 442 2321 301.
480 2278 584 2321 ‘nec
618 2303 671 2309 ——
705 2276 877 2334 gaude’
917 2275 1149 2333 Eutych.
1185 2279 1270 2322 art.
1304 2277 1348 2321 H
1382 2283 1436 2323 14
1468 2295 1513 2336 p.
1548 2285 1648 2335 482,
1684 2285 1740 2324 30
1772 2281 1825 2325 Κ.

340 2413 430 2453 294
453 2408 622 2453 Laedit
645 2411 771 2455 codd.
796 2411 915 2467 quod
937 2412 1110 2455 retinui
1134 2412 1230 2455 coll.
1257 2410 1335 2455 VI
1337 2413 1371 2455 I
1390 2415 1481 2458 498
1497 2427 1561 2470 sq.
1584 2412 1653 2469 Cf.
1675 2414 1938 2468 Mitscher-3

222 2469 324 2512 lien.
367 2469 428 2512 ad
467 2469 585 2513 Hor.
626 2483 762 2513 carm.
797 2470 833 2512 I
860 2473 942 2523 13,
977 2474 1034 2513 14
1065 2469 1212 2513 Tollit
1243 2469 1294 2513 in
1326 2473 1591 2528 amplexum
1626 2473 1939 2533 Peyraredusg

222 2526 387 2583 Illigat
418 2527 637 2583 amplexu
666 2529 893 2573 Barthius
922 2527 1062 2572 Lenit
1092 2528 1143 2572 in
1175 2530 1394 2586 amplexu
1420 2532 1674 2576 Muellerus
1697 2533 1914 2588 receptae
1928 2533 1942 2572 ἰ·

221 2588 291 2631 vel
333 2585 578 2642 clipeoque
617 2589 806 2643 reposto
846 2587 1022 2632 Haeret
1060 2587 1088 2631 i.
1131 2601 1171 2632 a.
1218 2591 1436 2635 Meukius
1465 2593 1480 2647 n
1515 2596 1601 2635 300
1641 2591 1847 2648 genialia
1884 2595 1916 2633 P

223 2645 458 2702 genitalia
488 2647 680 2689 BG²SM
704 2649 718 2705 ΙΙ
742 2652 825 2691 301
859 2660 945 2690 nec
976 2647 1098 2690 falsa
1129 2653 1160 2690 P
1191 2649 1304 2693 Beh.
1338 2653 1466 2692 'Hm
1496 2665 1552 2693 m.
1579 2665 1654 2706 pr.
1680 2652 1804 2707 11302
1830 2650 1934 2694 Ex··

224 2704 430 2749 ciderint
459 2710 623 2749 PSGH
653 2707 764 2751 Beh.
797 2707 923 2750 Dan.
953 2708 1040 2750 «τδ
1071 2706 1358 2752 Exciderunt
1379 2709 1482 2751 ΖΒΘ2
1505 2708 1790 2753 Exciderant
1814 2714 1934 2763 'rog-²

158 2782 160 2784 ’
228 2766 269 2821 (t
310 2765 583 2809 exciderunt
614 2767 671 2810 al.
706 2781 761 2811 m.
795 2768 1045 2822 suprascr.)
1079 2771 1110 2808 L
1140 2770 1144 2815 ξ
1173 2781 1383 2824 mergam
1413 2772 1446 2811 P
1470 2770 1485 2823 ΙΙ
1509 2774 1594 2813 303
1628 2769 1916 2813 exanimatus

226 2838 248 2865 c
283 2823 564 2870 Schraderus
587 2826 602 2882 ll
626 2830 714 2870 304
745 2825 978 2870 factorum
1001 2831 1033 2868 P
1056 2827 1071 2883 ΙΙ
1095 2831 1181 2870 309
1214 2828 1432 2883 totosque
1456 2829 1684 2874 Barthius
1708 2829 1915 2872 cunctos-

227 2896 317 2938 que
352 2885 606 2929 Muellerus
637 2887 734 2930 coll.
766 2900 806 2931 υ.
838 2888 933 2931 254
