1988 3106
657 156 966 204 SILUARUM
997 157 1048 202 L.
1081 156 1114 213 1,
1147 161 1188 201 a.
1734 154 1805 206 21

46 278 286 349 Sedibus,
323 282 379 334 et
414 278 656 333 uolucres
695 277 867 331 uetuit
904 276 1155 330 decedere
1191 278 1360 328 natos.

44 353 91 409 Ο
129 355 351 424 longum
389 351 736 406 memoranda
775 350 910 404 dies!
951 368 1085 419 quae
1123 351 1301 402 mente
1339 354 1554 417 reporto

46 426 268 496 Gaudia,
307 443 468 497 quam
506 425 678 478 lassos
716 442 812 494 per
848 426 932 477 tot
970 423 1225 476 miracula
1262 421 1431 475 uisus!

42 499 325 571 Ingenium
364 516 525 570 quam
563 497 692 552 mite
731 497 867 550 solo!
911 515 1046 567 quae
1085 496 1261 549 forma
1299 494 1473 548 beatis
1755 506 1810 546 15

45 573 178 633 {Arte
216 591 408 627 manus
445 571 683 640 facieque
721 571 876 624 locis!
918 588 1028 623 non
1067 569 1269 639 largius
1310 585 1533 637 usquam

41 644 276 705 Indulsit
313 648 510 700 natura
548 644 664 698 sibi.
741 661 961 696 nemora
1000 643 1111 695 alta
1150 642 1329 695 citatis

34 729 54 778 ’ἴ
87 720 339 775 ncubuere
377 718 554 788 uadis3
593 717 759 770 fallax
798 720 1082 786 responsat
1118 716 1298 784 imago

32 811 37 850 ,³
91 793 364 862 rondibus,
403 794 458 846 et
493 793 687 862 longas
727 790 913 843 eadem
950 790 1092 858 fugit
1129 789 1275 841 unda
1314 806 1408 857 per
1445 788 1677 840 umbras.

31 880 168 937 {pse
208 866 389 920 Anien
427 862 696 936 (miranda
734 861 887 934 fides)
926 863 1172 932 infraque
1213 878 1477 932 superque
1755 873 1813 913 20

88 958 248 994 axeus
287 939 376 993 hio
413 938 674 992 tumidam
715 937 918 990 rabiem
958 954 1316 1005 spumosaque
1355 934 1510 1004 ponit

33 1031 337 1083 ¹urmura,
375 1029 471 1066 ceu
508 1011 705 1082 placidi
743 1010 944 1063 ueritus
982 1010 1200 1062 turbare
1239 1008 1461 1078 Uopisci

32 1087 359 1158 [ieriosque
397 1086 510 1140 dies
550 1087 604 1138 et
642 1085 846 1137 alentes
886 1083 1121 1136 carmina
1160 1100 1393 1136 somnos,

41 1161 199 1214 ⁴>itus
236 1163 520 1232 utrumque
559 1158 719 1222 domi,
757 1174 856 1210 nec
894 1160 946 1209 te
985 1156 1300 1208 mitissimus
1340 1156 1514 1208 amnis

35 1234 269 1292 &nuidis
346 1233 579 1286 alternas
620 1234 839 1284 seruant
875 1230 1146 1299 praetoria
1184 1230 1329 1297 ripas
1757 1239 1813 1280 25

35 1329 67 1362 Α
105 1326 176 1362 on
214 1309 435 1360 externa
474 1305 576 1358 sibi
613 1303 844 1357 fluuioue
885 1306 1100 1371 apstare
1141 1306 1449 1372 queruntur.

65 1381 313 1434 estiacos
352 1396 496 1433 nunc
533 1378 679 1431 fama
718 1378 865 1429 sinus
905 1377 1231 1445 pelagusque
1269 1379 1513 1428 natatum

73 1457 220 1509 ‘ctet
259 1456 312 1506 et
350 1451 540 1506 audaci
576 1452 789 1504 iunctos
830 1450 1109 1518 delphinas
1150 1449 1378 1517 ephebo!

71 1529 152 1581 ’ic
192 1529 412 1580 aeterna
449 1525 612 1595 quies,
649 1524 811 1576 nullis
850 1522 937 1575 hic
976 1523 1094 1575 iura
1132 1522 1396 1591 procellis,

32 1626 72 1671 ές
105 1618 360 1671 umquam
397 1598 578 1652 feruor
617 1597 782 1666 aquis.
845 1596 1000 1648 datur
1037 1595 1124 1648 hic
1162 1597 1527 1648 transmittere
1567 1596 1712 1647 uisus
1760 1607 1817 1646 30

32 1715 47 1725 -ss
73 1678 125 1728 ··t
161 1691 321 1728 uoces
361 1674 415 1725 et
451 1689 619 1741 paene
658 1688 864 1723 manus,
941 1669 1016 1722 sic
1056 1667 1309 1722 Chalcida
1347 1669 1539 1721 fluctus

101 1748 341 1817 xpellunt
377 1745 519 1814 flaui,
559 1744 636 1797 sic
676 1743 965 1796 dissociata
996 1742 1262 1811 profundo

33 1847 50 1884 χ
71 1820 266 1874 ·ruttia
305 1818 574 1873 Sicanium
614 1816 971 1884 circumspicit
1010 1834 1103 1869 ora
1142 1815 1405 1868 Pelorum.

56 1893 194 1957 Quid
231 1893 465 1963 primum
503 1891 804 1944 mediumue
844 1907 1045 1958 canam,
1085 1907 1190 1958 quo
1229 1889 1333 1941 fine
1372 1888 1677 1957 quiescam?

52 1967 358 2021 Auratasne
395 1965 577 2018 trabes
618 1982 688 2017 an
725 1962 943 2015 Mauros
983 1963 1215 2031 undique
1254 1963 1425 2031 postis
1760 1974 1816 2014 35

55 2041 143 2095 An
182 2041 450 2109 picturata
486 2037 724 2090 lucentia
761 2054 1026 2088 marmora
1062 2053 1202 2088 uena

34 2180 404 2219 5-ae

177 2277 229 2317 12
268 2271 502 2316 discedere
539 2273 578 2313 Δ
619 2274 668 2325 c,
712 2270 887 2314 correxi
909 2270 924 2325 ΙΙ
950 2274 1003 2312 16
1036 2267 1252 2323 ‘facieque
1289 2268 1454 2323 scripsi
1492 2268 1520 2311 l.
1553 2267 1582 2311 Ζ.
1616 2281 1665 2322 p.
1698 2271 1818 2311 253.-

131 2343 294 2388 emque
333 2334 362 2372 0
400 2344 428 2373 a
466 2341 683 2373 concessa
722 2329 754 2371 ς
790 2329 806 2383 ΙΙ
845 2332 899 2371 19
938 2327 1062 2370 unda
1098 2340 1180 2382 per
1216 2327 1403 2369 umbras
1444 2331 1494 2369 ‘32
1535 2326 1698 2369 umbra
1737 2339 1821 2380 per

90 2390 204 2435 udas
235 2393 264 2432 0
294 2403 323 2432 a
343 2389 360 2446 ΙΙ
382 2392 438 2433 20
469 2387 574 2443 Ipse
604 2387 760 2431 Dom:
790 2387 898 2441 Ipsa
929 2390 957 2427 c
989 2401 1017 2427 a
1042 2387 1049 2441 1
1077 2385 1210 2429 anien
1240 2383 1330 2428 A*:
1364 2387 1521 2428 autem
1553 2386 1619 2440 011
1644 2390 1694 2428 21
1731 2385 1818 2428 Uix

98 2464 164 2509 ¹us
187 2447 389 2500 Markl.;
412 2447 562 2502 possis
586 2446 702 2489 Tam
725 2445 846 2489 ferus
869 2446 883 2501 ΙΙ
907 2450 961 2488 23
987 2444 1164 2488 alentes
1189 2443 1430 2487 Heinsius:
1454 2443 1678 2487 habentes
1703 2448 1731 2485 c
1755 2458 1783 2485 a
1805 2445 1820 2486 ῖς

87 2513 115 2552 4
145 2509 397 2562 corruptus.
429 2505 479 2548 L.
511 2503 755 2560 utrimque,
786 2503 968 2547 domus:
1008 2517 1093 2546 nec
1133 2516 1180 2546 se
1211 2517 1270 2545 m.
1303 2516 1343 2546 a.
1377 2502 1589 2557 Lipsius;
1628 2507 1669 2544 et
1707 2507 1820 2546 certe

89 2579 221 2611 omns
257 2564 556 2609 necessarium
600 2567 688 2615 est;
732 2563 923 2616 fortasse
962 2561 1011 2605 L.
1052 2577 1095 2604 u.
1137 2562 1300 2604 domus
1338 2563 1468 2604 tenet
1507 2564 1555 2604 et
1584 2560 1683 2604 mit.
1723 2575 1765 2604 a.
1809 2560 1815 2619 Ι

137 2623 207 2668 nis
248 2627 298 2668 ςε
341 2635 487 2666 annus
527 2626 555 2662 c
587 2620 717 2664 annis
747 2624 799 2674 A,
830 2624 882 2663 ut
911 2621 1006 2664 uid.
1040 2619 1052 2677 Η
1085 2625 1140 2663 26
1171 2619 1372 2662 fluuioue
1412 2622 1596 2674 apstare
1633 2620 1820 2674 scripsi:

89 2682 301 2727 uuiorum
331 2682 490 2737 optare
523 2683 551 2720 0
575 2694 614 2734 a,
644 2678 893 2722 fluuiumue
925 2678 1108 2722 obstare
1139 2678 1270 2722 Dom.
1296 2679 1311 2733 ΙΙ
1335 2681 1389 2720 28
1421 2678 1572 2720 uictos
1602 2681 1640 2719 A
1670 2678 1818 2722 uictos

110 2742 126 2798 ΙΙ
149 2745 202 2786 32
220 2739 471 2796 Expellunt
491 2739 576 2781 uix
587 2751 748 2781 sanum
757 2754 773 2789 ,·
796 2736 1076 2793 Dispescunt
1091 2736 1313 2779 Heinsius
1329 2735 1570 2779 Diuellunt
1592 2735 1783 2780 Guietus
1810 2749 1815 2791 ι

90 2799 168 2844 aui
197 2796 549 2898 schpsstlfluuii
581 2801 608 2838 G
639 2811 666 2838 a
696 2795 827 2838 reflui
871 2795 1238 2852 Lindenbroyius
1282 2794 1434 2851 refugi
1480 2794 1676 2839 Cruceus
1709 2796 1724 2850 ΙΙ
1762 2799 1818 2839 36

92 2870 179 2902 ena
215 2861 253 2900 Δ
318 2861 367 2900 0:
419 2869 508 2898 una
534 2859 561 2898 ς
