2020 3106
652 142 996 191 THEBAIDOS
1027 143 1137 189 ΠΒ.
1172 143 1203 188 Ι.
1747 144 1775 196 ‘1

0 276 1 280 ’
93 268 274 323 Exilio
313 270 520 322 mutare
558 267 762 321 ducem.
839 265 927 321 Sic
963 267 1078 319 iure
1117 265 1356 336 maligno

94 342 385 397 Fortunam
423 341 653 395 transire
691 341 901 410 iubent,
939 343 1002 394 ut
1042 343 1254 409 sceptra
1291 342 1565 393 tenentem
1698 353 1782 392 140

94 415 328 470 Foedere
365 415 649 486 praecipiti
688 432 897 484 semper
934 432 1106 468 novus
1148 417 1372 484 angeret
1409 413 1578 467 heres.

94 489 244 544 Haec
282 489 424 544 inter
460 489 656 543 fratres
696 489 869 559 pietas
910 491 1048 557 erat,
1085 487 1221 541 haec
1259 505 1411 540 mora
1450 503 1663 558 pugnae

96 561 225 618 Sola
261 581 360 618 nec
396 563 454 617 in
491 580 676 635 regem
714 563 1069 632 perduratura
1109 561 1416 615 secundum.

94 637 170 691 Et
205 636 443 692 nondum
481 655 666 691 crasso
705 636 983 706 laquearia
1021 636 1170 689 fulva
1208 635 1454 704 meta110,

96 710 372 766 Montibus
413 715 507 765 aut
547 712 654 764 alte
694 709 851 764 Grais
893 710 1079 763 effulta
1118 710 1368 763 nitebant
1701 722 1783 761 145

97 784 277 852 Atria,
317 787 605 857 congestos
646 785 780 839 satis
821 785 1141 853 explicitura
1180 783 1426 851 clientes;

93 857 224 913 Non
259 859 543 929 impacatis
582 875 773 930 regum
814 858 1170 927 advigilantia
1209 857 1412 911 somnis

96 931 240 1002 Pila,
275 949 376 987 nec
415 933 624 987 alterna
662 933 790 986 ferri
831 933 1063 986 statione
1103 936 1379 1002 gementes

28 1070 29 1074 Ἰ
94 1005 391 1076 Excubiae,
429 1024 529 1061 nec
567 1024 695 1061 cura
734 1025 881 1059 mero
922 1007 1259 1060 committere
1298 1022 1539 1075 gemmas

94 1077 275 1150 Atque
315 1099 505 1134 aurum
542 1081 744 1135 violare
785 1081 941 1135 cibis:
983 1081 1073 1133 sed
1114 1079 1257 1133 nuda
1295 1083 1539 1148 potestas
1704 1093 1788 1132 150

96 1152 351 1209 Armavit
387 1154 606 1226 fratreS,
644 1172 830 1226 pugna
869 1157 953 1208 est
991 1154 1055 1207 de
1095 1171 1330 1224 paupere
1369 1169 1553 1222 regno.

97 1227 344 1298 Dumque
383 1231 505 1282 uter
545 1232 810 1298 angustae
850 1229 1153 1299 squalentia
1191 1228 1379 1297 iugera
1418 1226 1607 1281 Dirces

100 1300 352 1356 Verteret
392 1306 486 1357 aut
524 1302 674 1373 Tyrii
715 1303 852 1357 solio
893 1320 1003 1356 non
1044 1302 1189 1355 altus
1229 1305 1417 1355 ovaret

26 1418 30 1454 ἲ
97 1374 288 1429 Exulis
328 1376 644 1445 ambigitur,
682 1377 846 1446 periit
884 1377 967 1429 ius
1007 1376 1193 1445 fasque
1234 1376 1541 1444 bonumque

26 1470 29 1503 ³
94 1448 174 1503 Et
210 1449 354 1504 vitae
393 1451 691 1520 mortisque
730 1450 919 1521 pudor.
974 1449 1092 1513 Quo
1131 1449 1354 1502 tenditis
1394 1449 1524 1517 iraS,
1703 1461 1787 1501 155

26 1541 29 1586 j
99 1522 151 1576 A
189 1523 410 1577 miseri?
461 1523 600 1588 Quid
641 1525 687 1577 si
724 1527 1000 1594 peteretur
1039 1524 1261 1578 crimine
1301 1526 1453 1576 tanto

26 1620 29 1628 ·
98 1596 275 1651 Limes
313 1602 539 1668 uterque
577 1598 716 1668 poli,
756 1617 915 1668 quem
955 1596 1047 1651 Sol
1087 1599 1313 1651 emissus
1353 1597 1471 1650 Eoo

79 1667 356 1742 Cardine,
394 1689 553 1742 quem
591 1675 754 1742 portu
792 1689 1023 1741 vergens
1062 1675 1372 1742 prospectat
1409 1670 1640 1738 HiberO,

102 1743 354 1814 Quasque
393 1747 580 1815 procul
617 1749 792 1799 terras
833 1746 1053 1816 obliquo
1094 1746 1266 1799 sidere
1306 1746 1487 1816 tangit

24 1826 30 1883 ¹,-
103 1817 273 1871 Avius
313 1822 409 1872 aut
446 1817 624 1874 Borea
663 1820 866 1890 gelidas
906 1820 1176 1874 madidive
1214 1824 1461 1889 tepentes
1705 1831 1790 1871 160

23 1885 31 1944 i
100 1890 234 1960 Igne
271 1890 438 1948 Noti?
515 1891 654 1956 Quid
693 1894 739 1946 si
776 1894 1047 1963 Phrygiae
1086 1894 1383 1963 Tyriaeque
1424 1893 1523 1946 sub
1565 1911 1731 1946 unum

105 1963 501 2019 Convectentur
538 1967 708 2035 opes?
757 1967 900 2020 Loca
939 1968 1057 2020 dira
1096 1986 1351 2037 arcesque
1390 1966 1659 2021 nefandae

105 2035 370 2094 Suffecere
410 2039 556 2109 odio,
594 2039 856 2110 furiisque
894 2041 1222 2095 immanibus
1263 2044 1503 2110 emptum

225 2203 309 2243 149
336 2213 431 2255 sqq.
468 2198 684 2243 ‘necdum
714 2213 897 2243 cura—
915 2200 1079 2256 regno'
1115 2199 1287 2244 schol.
1309 2199 1509 2245 Lucan.
1536 2200 1558 2243 Ι
1586 2205 1641 2245 96
1666 2215 1709 2256 p.
1737 2205 1792 2244 22

103 2256 179 2302 W.
198 2283 252 2291 —
273 2262 356 2303 152
375 2272 441 2315 sq.
471 2257 693 2314 ‘dumque
718 2285 774 2292 —
798 2261 1026 2303 verteret’
1055 2259 1229 2303 schol.
1256 2259 1400 2304 Theb.
1425 2258 1470 2304 II
1493 2265 1578 2304 433
1603 2274 1648 2316 p.
1669 2265 1723 2305 67
1742 2258 1793 2303 L.

227 2395 312 2435 144
349 2390 479 2436 fulva
516 2393 718 2446 PBbpc¹
756 2393 883 2439 Da'n.
925 2406 965 2437 π
1008 2392 1139 2450 Ιῼιζρε.
1180 2391 1302 2436 fulta
1332 2392 1419 2435 1³0²
1449 2393 1561 2438 Beh.
1593 2408 1637 2435 m
1667 2392 1795 2436 culta

108 2448 377 2495 Gebhardus
414 2451 430 2507 ΙΙ
470 2455 554 2495 145
602 2450 828 2496 Gentibus
876 2452 1185 2497 Baehrensius
1222 2453 1229 2510 Ι
1269 2450 1438 2496 effossa
1484 2450 1751 2497 Koestlimcs

22 2545 24 2547 .
109 2513 195 2554 153
226 2522 319 2553 non
351 2510 483 2554 actus
514 2510 824 2556 Baehrensius
846 2513 862 2568 ΙΙ
887 2516 971 2556 154
1006 2510 1131 2568 perit
1160 2516 1225 2554 Pr
1248 2514 1263 2569 Η
1290 2516 1372 2556 155
1405 2510 1504 2555 irae
1536 2510 1795 2555 Lachman-

104 2581 195 2613 moe
223 2570 239 2626 ΙΙ
272 2573 354 2614 157
397 2569 468 2613 sol
506 2582 709 2614 emersus
749 2571 811 2616 N.
843 2571 1068 2615 Heinsius
1098 2573 1114 2628 ΙΙ
1147 2575 1231 2614 158
1262 2572 1403 2627 porta
1433 2585 1474 2613 v.
1507 2585 1552 2627 p.
1587 2570 1724 2613 lbera
1757 2584 1795 2613 π

111 2624 335 2673 Gruterus
364 2628 379 2685 ΙΙ
411 2633 497 2673 160
527 2627 625 2672 Aut
654 2630 792 2674 notus
825 2631 906 2674 aut
935 2629 1075 2674 boree
1106 2634 1139 2672 P
1169 2631 1185 2686 11
1218 2635 1300 2674 161
1333 2642 1427 2673 non
1461 2628 1593 2686 (quid
1623 2642 1704 2673 sec.
1739 2643 1795 2671 m.

106 2688 354 2744 suprascr.)
387 2686 428 2730 si
457 2686 687 2744 phrygiae
717 2689 909 2745 tyriaeq.
939 2693 982 2731 Ῥ
1020 2687 1207 2746 phrigie
1245 2687 1460 2745 tyrieque
1501 2693 1537 2730 G
1565 2686 1796 2744 phrygiae

105 2743 313 2801 tyriaeve
359 2749 430 2789 ΒΕ
476 2747 588 2793 ΒεῙι.
629 2753 661 2790 Τ
698 2746 913 2804 phrigias
958 2748 1170 2804 tyriaeve
1218 2762 1242 2791 c
1279 2746 1451 2804 frigiae
1488 2745 1685 2790 tiriaeve
1724 2748 1798 2789 rEI

106 2803 260 2860 tyriae
289 2803 576 2862 phrygiaeve
610 2821 649 2850 π
673 2806 801 2853 Dan.
830 2807 987 2854 Petav.
1020 2809 1119 2852 edd.
1150 2811 1252 2852 vett.
1277 2806 1430 2862 tyriae
1453 2807 1708 2863 prygiaeve
1732 2821 1759 2860 p
1783 2806 1798 2862 Ἐ

114 2866 195 2906 162
228 2862 568 2909 Converrentur
601 2865 660 2908 F.
695 2866 884 2911 DIodius
917 2866 1247 2911 Conferrentur
1277 2866 1590 2910 Baehrensizcs
