<?xml version="1.0" encoding="UTF-8"?>
<!DOCTYPE html PUBLIC "-//W3C//DTD XHTML 1.0 Transitional//EN"
    "http://www.w3.org/TR/xhtml1/DTD/xhtml1-transitional.dtd">
<html xmlns="http://www.w3.org/1999/xhtml" xml:lang="en" lang="en">
 <head>
  <title>
</title>
<meta http-equiv="Content-Type" content="text/html;charset=utf-8" />
  <meta name='ocr-system' content='tesseract 3.04.00' />
  <meta name='ocr-capabilities' content='ocr_page ocr_carea ocr_par ocr_line ocrx_word'/>
</head>
<body>
  <div class='ocr_page' id='page_1' title='image "./operapapinius12statuoft_0150.png"; bbox 0 0 1988 3106; ppageno 0'>
   <div class='ocr_carea' id='block_1_1' title="bbox 126 152 1594 204">
    <p class='ocr_par' dir='ltr' id='par_1_1' title="bbox 126 152 1594 204">
     <span class='ocr_line' id='line_1_1' title="bbox 126 152 1594 204; baseline -0.002 0"><span class='ocrx_word' id='word_1_1' title='bbox 126 152 234 204; x_wconf 84' lang='lat'>124</span> <span class='ocrx_word' id='word_1_2' title='bbox 443 155 492 199; x_wconf 92' lang='grc' dir='ltr'>Ρ.</span> <span class='ocrx_word' id='word_1_3' title='bbox 524 154 753 199; x_wconf 90' lang='lat' dir='ltr'><strong>PAPINII</strong></span> <span class='ocrx_word' id='word_1_4' title='bbox 785 154 985 198; x_wconf 87' lang='lat' dir='ltr'>STATII</span> <span class='ocrx_word' id='word_1_5' title='bbox 1018 153 1330 200; x_wconf 76' lang='lat' dir='ltr'><strong>SILUARUM</strong></span> <span class='ocrx_word' id='word_1_6' title='bbox 1358 155 1412 200; x_wconf 82' lang='lat' dir='ltr'>L.</span> <span class='ocrx_word' id='word_1_7' title='bbox 1441 155 1507 201; x_wconf 88' lang='lat' dir='ltr'>IV</span> <span class='ocrx_word' id='word_1_8' title='bbox 1553 161 1594 201; x_wconf 89' lang='lat'>9.</span> 
     </span>
    </p>
   </div>
   <div class='ocr_carea' id='block_1_2' title="bbox 379 271 1966 1251">
    <p class='ocr_par' dir='ltr' id='par_1_2' title="bbox 386 271 1386 342">
     <span class='ocr_line' id='line_1_2' title="bbox 386 271 1386 342; baseline 0.002 -17"><span class='ocrx_word' id='word_1_9' title='bbox 386 271 627 326; x_wconf 81' lang='lat' dir='ltr'>Cumano</span> <span class='ocrx_word' id='word_1_10' title='bbox 666 274 880 342; x_wconf 76' lang='lat' dir='ltr'>patinas</span> <span class='ocrx_word' id='word_1_11' title='bbox 918 274 1006 326; x_wconf 87' lang='lat' dir='ltr'>uel</span> <span class='ocrx_word' id='word_1_12' title='bbox 1046 274 1177 327; x_wconf 86' lang='lat' dir='ltr'>orbe</span> <span class='ocrx_word' id='word_1_13' title='bbox 1213 276 1386 327; x_wconf 71' lang='lat' dir='ltr'>{zortas</span> 
     </span>
    </p>

    <p class='ocr_par' dir='ltr' id='par_1_3' title="bbox 379 345 1966 1251">
     <span class='ocr_line' id='line_1_3' title="bbox 383 345 1659 420; baseline 0.003 -22"><span class='ocrx_word' id='word_1_14' title='bbox 383 345 497 398; x_wconf 74' lang='lat' dir='ltr'>Aut</span> <span class='ocrx_word' id='word_1_15' title='bbox 534 364 697 399; x_wconf 90' lang='lat' dir='ltr'>unam</span> <span class='ocrx_word' id='word_1_16' title='bbox 736 347 861 399; x_wconf 83' lang='lat' dir='ltr'>dare</span> <span class='ocrx_word' id='word_1_17' title='bbox 901 347 1184 415; x_wconf 73' lang='lat' dir='ltr'>synthesin</span> <span class='ocrx_word' id='word_1_18' title='bbox 1221 345 1372 417; x_wconf 90' lang='lat' dir='ltr'>(quid</span> <span class='ocrx_word' id='word_1_19' title='bbox 1409 347 1594 402; x_wconf 86' lang='lat' dir='ltr'>horres</span> <span class='ocrx_word' id='word_1_20' title='bbox 1605 347 1659 420; x_wconf 70' lang='lat' dir='ltr'>P)</span> 
     </span>
     <span class='ocr_line' id='line_1_4' title="bbox 382 419 1945 490; baseline 0.002 -19"><span class='ocrx_word' id='word_1_21' title='bbox 382 419 647 472; x_wconf 89' lang='lat' dir='ltr'>Alborum</span> <span class='ocrx_word' id='word_1_22' title='bbox 688 419 913 472; x_wconf 89' lang='lat' dir='ltr'>calicum</span> <span class='ocrx_word' id='word_1_23' title='bbox 952 422 1111 490; x_wconf 75' lang='lat' dir='ltr'>atque</span> <span class='ocrx_word' id='word_1_24' title='bbox 1149 420 1534 474; x_wconf 78' lang='lat' dir='ltr'>caccaborum?</span> <span class='ocrx_word' id='word_1_25' title='bbox 1830 437 1893 477; x_wconf 77' lang='lat'>45</span> <span class='ocrx_word' id='word_1_26' title='bbox 1942 468 1945 474; x_wconf 94' lang='lat'>.</span> 
     </span>
     <span class='ocr_line' id='line_1_5' title="bbox 384 490 1449 562; baseline 0.002 -19"><span class='ocrx_word' id='word_1_27' title='bbox 384 490 486 544; x_wconf 82' lang='lat' dir='ltr'>Sed</span> <span class='ocrx_word' id='word_1_28' title='bbox 525 494 670 544; x_wconf 65' lang='lat' dir='ltr'>cerlza</span> <span class='ocrx_word' id='word_1_29' title='bbox 707 493 857 546; x_wconf 69' lang='lat' dir='ltr'>ueluls</span> <span class='ocrx_word' id='word_1_30' title='bbox 896 511 1094 562; x_wconf 87' lang='lat' dir='ltr'>aequus</span> <span class='ocrx_word' id='word_1_31' title='bbox 1133 493 1191 545; x_wconf 91' lang='lat' dir='ltr'>in</span> <span class='ocrx_word' id='word_1_32' title='bbox 1230 495 1449 562; x_wconf 73' lang='lat' dir='ltr'>statera,</span> 
     </span>
     <span class='ocr_line' id='line_1_6' title="bbox 381 563 1487 635; baseline 0.003 -19"><span class='ocrx_word' id='word_1_33' title='bbox 381 563 474 616; x_wconf 90' lang='lat' dir='ltr'>Nil</span> <span class='ocrx_word' id='word_1_34' title='bbox 513 567 706 632; x_wconf 62' lang='lat' dir='ltr'>mutam,</span> <span class='ocrx_word' id='word_1_35' title='bbox 747 566 838 618; x_wconf 88' lang='lat' dir='ltr'>sed</span> <span class='ocrx_word' id='word_1_36' title='bbox 875 566 1015 618; x_wconf 86' lang='lat' dir='ltr'>idem</span> <span class='ocrx_word' id='word_1_37' title='bbox 1054 566 1187 618; x_wconf 90' lang='lat' dir='ltr'>mihi</span> <span class='ocrx_word' id='word_1_38' title='bbox 1224 567 1487 635; x_wconf 82' lang='lat' dir='ltr'>rependis,</span> 
     </span>
     <span class='ocr_line' id='line_1_7' title="bbox 383 637 1511 706; baseline 0.003 -17"><span class='ocrx_word' id='word_1_39' title='bbox 383 637 519 699; x_wconf 81' lang='lat' dir='ltr'>Quid</span> <span class='ocrx_word' id='word_1_40' title='bbox 559 638 618 706; x_wconf 85' lang='lat' dir='ltr'>si,</span> <span class='ocrx_word' id='word_1_41' title='bbox 657 655 776 690; x_wconf 89' lang='lat' dir='ltr'>cum</span> <span class='ocrx_word' id='word_1_42' title='bbox 815 639 951 691; x_wconf 88' lang='lat' dir='ltr'>bene</span> <span class='ocrx_word' id='word_1_43' title='bbox 989 657 1144 691; x_wconf 88' lang='lat' dir='ltr'>mane</span> <span class='ocrx_word' id='word_1_44' title='bbox 1185 639 1511 692; x_wconf 87' lang='lat' dir='ltr'>semicrudus</span> 
     </span>
     <span class='ocr_line' id='line_1_8' title="bbox 381 710 1598 780; baseline 0.003 -18"><span class='ocrx_word' id='word_1_45' title='bbox 381 710 615 763; x_wconf 76' lang='lat' dir='ltr'>Inlatam</span> <span class='ocrx_word' id='word_1_46' title='bbox 653 711 753 763; x_wconf 78' lang='lat' dir='ltr'>tibi</span> <span class='ocrx_word' id='word_1_47' title='bbox 793 711 972 765; x_wconf 85' lang='lat' dir='ltr'>dixero</span> <span class='ocrx_word' id='word_1_48' title='bbox 1013 713 1255 780; x_wconf 71' lang='lat' dir='ltr'>salutem,</span> <span class='ocrx_word' id='word_1_49' title='bbox 1594 748 1598 753; x_wconf 92' lang='lat'><em>·</em></span> 
     </span>
     <span class='ocr_line' id='line_1_9' title="bbox 379 782 1932 842; baseline 0.004 -6"><span class='ocrx_word' id='word_1_50' title='bbox 379 782 455 836; x_wconf 75' lang='lat' dir='ltr'>Et</span> <span class='ocrx_word' id='word_1_51' title='bbox 490 786 551 837; x_wconf 74' lang='lat' dir='ltr'>’cu</span> <span class='ocrx_word' id='word_1_52' title='bbox 589 802 674 837; x_wconf 88' lang='lat' dir='ltr'>me</span> <span class='ocrx_word' id='word_1_53' title='bbox 711 785 918 838; x_wconf 86' lang='lat' dir='ltr'>uicibus</span> <span class='ocrx_word' id='word_1_54' title='bbox 956 785 1100 838; x_wconf 91' lang='lat' dir='ltr'>domi</span> <span class='ocrx_word' id='word_1_55' title='bbox 1138 784 1379 838; x_wconf 73' lang='lat' dir='ltr'>salutes?</span> <span class='ocrx_word' id='word_1_56' title='bbox 1831 802 1892 842; x_wconf 69' lang='lat'>502</span> <span class='ocrx_word' id='word_1_57' title='bbox 1930 815 1932 817; x_wconf 91' lang='lat'>·</span> 
     </span>
     <span class='ocr_line' id='line_1_10' title="bbox 380 855 1963 927; baseline 0.003 -20"><span class='ocrx_word' id='word_1_58' title='bbox 380 855 492 908; x_wconf 70' lang='lat' dir='ltr'>Au&#39;c</span> <span class='ocrx_word' id='word_1_59' title='bbox 530 874 650 909; x_wconf 90' lang='lat' dir='ltr'>cum</span> <span class='ocrx_word' id='word_1_60' title='bbox 689 875 774 910; x_wconf 88' lang='lat' dir='ltr'>me</span> <span class='ocrx_word' id='word_1_61' title='bbox 812 858 947 926; x_wconf 83' lang='lat' dir='ltr'>dape</span> <span class='ocrx_word' id='word_1_62' title='bbox 985 859 1183 911; x_wconf 86' lang='lat' dir='ltr'>iuueris</span> <span class='ocrx_word' id='word_1_63' title='bbox 1223 858 1425 927; x_wconf 83' lang='lat' dir='ltr'>opima,</span> <span class='ocrx_word' id='word_1_64' title='bbox 1930 862 1963 876; x_wconf 76' lang='grc'>”</span> 
     </span>
     <span class='ocr_line' id='line_1_11' title="bbox 380 929 1365 1000; baseline 0.003 -20"><span class='ocrx_word' id='word_1_65' title='bbox 380 929 643 997; x_wconf 80' lang='lat' dir='ltr'>Expectes</span> <span class='ocrx_word' id='word_1_66' title='bbox 684 931 884 983; x_wconf 82' lang='lat' dir='ltr'>similes</span> <span class='ocrx_word' id='word_1_67' title='bbox 923 933 977 983; x_wconf 71' lang='lat' dir='ltr'>eb</span> <span class='ocrx_word' id='word_1_68' title='bbox 1013 932 1128 1000; x_wconf 88' lang='lat' dir='ltr'>ipse</span> <span class='ocrx_word' id='word_1_69' title='bbox 1167 931 1365 983; x_wconf 74' lang='lat' dir='ltr'>cenas?</span> 
     </span>
     <span class='ocr_line' id='line_1_12' title="bbox 379 1001 1394 1073; baseline 0.003 -20"><span class='ocrx_word' id='word_1_70' title='bbox 379 1001 590 1055; x_wconf 86' lang='lat' dir='ltr'>Irascor</span> <span class='ocrx_word' id='word_1_71' title='bbox 626 1003 742 1072; x_wconf 77' lang='lat' dir='ltr'>tibi,</span> <span class='ocrx_word' id='word_1_72' title='bbox 780 1002 969 1073; x_wconf 82' lang='lat' dir='ltr'>Grype.</span> <span class='ocrx_word' id='word_1_73' title='bbox 1033 1003 1126 1057; x_wconf 90' lang='lat' dir='ltr'>sed</span> <span class='ocrx_word' id='word_1_74' title='bbox 1162 1004 1394 1072; x_wconf 79' lang='lat' dir='ltr'>ualebis3</span> 
     </span>
     <span class='ocr_line' id='line_1_13' title="bbox 382 1074 1966 1146; baseline 0.004 -19"><span class='ocrx_word' id='word_1_75' title='bbox 382 1074 618 1128; x_wconf 72' lang='lat' dir='ltr'>Tantum</span> <span class='ocrx_word' id='word_1_76' title='bbox 656 1094 724 1128; x_wconf 88' lang='lat' dir='ltr'>ne</span> <span class='ocrx_word' id='word_1_77' title='bbox 762 1077 908 1142; x_wconf 84' lang='lat' dir='ltr'>mihi,</span> <span class='ocrx_word' id='word_1_78' title='bbox 949 1094 1052 1146; x_wconf 93' lang='lat' dir='ltr'>quo</span> <span class='ocrx_word' id='word_1_79' title='bbox 1093 1078 1231 1130; x_wconf 84' lang='lat' dir='ltr'>soles</span> <span class='ocrx_word' id='word_1_80' title='bbox 1271 1077 1469 1146; x_wconf 89' lang='lat' dir='ltr'>lepore,</span> <span class='ocrx_word' id='word_1_81' title='bbox 1960 1126 1966 1134; x_wconf 27' lang='grc' dir='ltr'><strong><em>γ</em></strong></span> 
     </span>
     <span class='ocr_line' id='line_1_14' title="bbox 380 1147 1957 1251; baseline 0.004 -51"><span class='ocrx_word' id='word_1_82' title='bbox 380 1147 454 1201; x_wconf 72' lang='lat' dir='ltr'>Et</span> <span class='ocrx_word' id='word_1_83' title='bbox 489 1166 631 1201; x_wconf 89' lang='lat' dir='ltr'>nunc</span> <span class='ocrx_word' id='word_1_84' title='bbox 668 1149 1147 1219; x_wconf 83' lang='lat' dir='ltr'>hendecasyllabos</span> <span class='ocrx_word' id='word_1_85' title='bbox 1186 1150 1446 1203; x_wconf 76' lang='lat' dir='ltr'>remittas,</span> <span class='ocrx_word' id='word_1_86' title='bbox 1830 1167 1891 1206; x_wconf 79' lang='lat'>55</span> <span class='ocrx_word' id='word_1_87' title='bbox 1937 1150 1957 1251; x_wconf 57' lang='lat'>{-</span> 
     </span>
    </p>
   </div>
   <div class='ocr_carea' id='block_1_3' title="bbox 1923 0 1988 3106">
    <p class='ocr_par' dir='ltr' id='par_1_4' title="bbox 1923 0 1988 3106">
     <span class='ocr_line' id='line_1_15' title="bbox 1923 0 1988 3106; baseline 0 0"><span class='ocrx_word' id='word_1_88' title='bbox 1923 0 1988 3106; x_wconf 95' lang='lat' dir='ltr'> </span> 
     </span>
    </p>
   </div>
   <div class='ocr_carea' id='block_1_4' title="bbox 119 1293 472 1303">
    <p class='ocr_par' dir='ltr' id='par_1_5' title="bbox 119 1293 472 1303">
     <span class='ocr_line' id='line_1_16' title="bbox 119 1293 472 1303; baseline 0 0"><span class='ocrx_word' id='word_1_89' title='bbox 119 1293 472 1303; x_wconf 95' lang='lat' dir='ltr'> </span> 
     </span>
    </p>
   </div>
   <div class='ocr_carea' id='block_1_5' title="bbox 113 1344 1977 1597">
    <p class='ocr_par' dir='ltr' id='par_1_6' title="bbox 113 1344 1977 1597">
     <span class='ocr_line' id='line_1_17' title="bbox 232 1344 1974 1439; baseline 0.003 -16"><span class='ocrx_word' id='word_1_90' title='bbox 232 1383 289 1423; x_wconf 87' lang='grc'>43</span> <span class='ocrx_word' id='word_1_91' title='bbox 321 1379 398 1422; x_wconf 91' lang='lat' dir='ltr'>uel</span> <span class='ocrx_word' id='word_1_92' title='bbox 429 1380 523 1435; x_wconf 87' lang='lat' dir='ltr'>(an)</span> <span class='ocrx_word' id='word_1_93' title='bbox 554 1379 801 1425; x_wconf 79' lang='lat' dir='ltr'>Heinsius:</span> <span class='ocrx_word' id='word_1_94' title='bbox 829 1379 879 1424; x_wconf 90' lang='lat' dir='ltr'>in</span> <span class='ocrx_word' id='word_1_95' title='bbox 910 1384 940 1422; x_wconf 78' lang='lat' dir='ltr'><strong><em>G</em></strong></span> <span class='ocrx_word' id='word_1_96' title='bbox 971 1395 998 1423; x_wconf 79' lang='lat' dir='ltr'>a</span> <span class='ocrx_word' id='word_1_97' title='bbox 1020 1382 1036 1437; x_wconf 84' lang='grc' dir='ltr'>ΙΙ</span> <span class='ocrx_word' id='word_1_98' title='bbox 1058 1383 1114 1425; x_wconf 82' lang='grc'>45</span> <span class='ocrx_word' id='word_1_99' title='bbox 1141 1379 1377 1426; x_wconf 82' lang='lat' dir='ltr'>Obbamm</span> <span class='ocrx_word' id='word_1_100' title='bbox 1408 1381 1630 1427; x_wconf 74' lang='lat' dir='ltr'>Heinsius</span> <span class='ocrx_word' id='word_1_101' title='bbox 1652 1383 1668 1439; x_wconf 81' lang='grc' dir='ltr'>ΙΙ</span> <span class='ocrx_word' id='word_1_102' title='bbox 1690 1388 1747 1428; x_wconf 85' lang='lat'>47</span> <span class='ocrx_word' id='word_1_103' title='bbox 1771 1384 1888 1429; x_wconf 85' lang='lat' dir='ltr'>mihi</span> <span class='ocrx_word' id='word_1_104' title='bbox 1919 1344 1974 1438; x_wconf 58' lang='grc' dir='ltr'><em>ἶ</em></span> 
     </span>
     <span class='ocr_line' id='line_1_18' title="bbox 113 1436 1893 1499; baseline 0.002 -20"><span class='ocrx_word' id='word_1_105' title='bbox 113 1441 151 1479; x_wconf 83' lang='lat' dir='ltr'>A</span> <span class='ocrx_word' id='word_1_106' title='bbox 183 1442 233 1480; x_wconf 77' lang='lat' dir='ltr'>G:</span> <span class='ocrx_word' id='word_1_107' title='bbox 264 1436 383 1480; x_wconf 89' lang='lat' dir='ltr'>nihil</span> <span class='ocrx_word' id='word_1_108' title='bbox 415 1441 444 1481; x_wconf 77' lang='grc' dir='ltr'><strong>ς</strong></span> <span class='ocrx_word' id='word_1_109' title='bbox 483 1439 499 1494; x_wconf 87' lang='grc' dir='ltr'>ΙΙ</span> <span class='ocrx_word' id='word_1_110' title='bbox 535 1441 592 1481; x_wconf 89' lang='grc'>48</span> <span class='ocrx_word' id='word_1_111' title='bbox 623 1439 778 1484; x_wconf 81' lang='lat' dir='ltr'>malim</span> <span class='ocrx_word' id='word_1_112' title='bbox 808 1439 1074 1483; x_wconf 82' lang='lat' dir='ltr'>seminudus</span> <span class='ocrx_word' id='word_1_113' title='bbox 1111 1439 1128 1495; x_wconf 85' lang='grc' dir='ltr'>ΙΙ</span> <span class='ocrx_word' id='word_1_114' title='bbox 1160 1444 1217 1484; x_wconf 87' lang='grc'>49</span> <span class='ocrx_word' id='word_1_115' title='bbox 1248 1439 1449 1484; x_wconf 75' lang='lat' dir='ltr'>Inlotam</span> <span class='ocrx_word' id='word_1_116' title='bbox 1480 1441 1740 1486; x_wconf 74' lang='lat' dir='ltr'>Scriuerius</span> <span class='ocrx_word' id='word_1_117' title='bbox 1776 1443 1792 1499; x_wconf 84' lang='grc' dir='ltr'>ΙΙ</span> <span class='ocrx_word' id='word_1_118' title='bbox 1830 1448 1893 1487; x_wconf 83' lang='lat'>54.</span> 
     </span>
     <span class='ocr_line' id='line_1_19' title="bbox 113 1497 1977 1597; baseline 0.003 -57"><span class='ocrx_word' id='word_1_119' title='bbox 113 1500 232 1597; x_wconf 57' lang='lat' dir='ltr'>gea&amp;</span> <span class='ocrx_word' id='word_1_120' title='bbox 266 1511 313 1539; x_wconf 80' lang='lat' dir='ltr'>a:</span> <span class='ocrx_word' id='word_1_121' title='bbox 344 1509 419 1540; x_wconf 90' lang='lat' dir='ltr'>me</span> <span class='ocrx_word' id='word_1_122' title='bbox 451 1500 480 1538; x_wconf 79' lang='lat' dir='ltr'><strong>c</strong></span> <span class='ocrx_word' id='word_1_123' title='bbox 507 1497 515 1551; x_wconf 81' lang='grc' dir='ltr'>Ι</span> <span class='ocrx_word' id='word_1_124' title='bbox 543 1510 635 1553; x_wconf 87' lang='lat' dir='ltr'>quo</span> <span class='ocrx_word' id='word_1_125' title='bbox 655 1498 886 1555; x_wconf 86' lang='lat' dir='ltr'>—lepore</span> <span class='ocrx_word' id='word_1_126' title='bbox 915 1501 973 1542; x_wconf 74' lang='lat' dir='ltr'>A:</span> <span class='ocrx_word' id='word_1_127' title='bbox 1005 1498 1131 1555; x_wconf 88' lang='lat' dir='ltr'>quod</span> <span class='ocrx_word' id='word_1_128' title='bbox 1161 1523 1216 1531; x_wconf 90' lang='lat'>-—</span> <span class='ocrx_word' id='word_1_129' title='bbox 1248 1498 1397 1557; x_wconf 82' lang='lat' dir='ltr'>lepori</span> <span class='ocrx_word' id='word_1_130' title='bbox 1428 1503 1456 1541; x_wconf 78' lang='lat'><strong>0</strong></span> <span class='ocrx_word' id='word_1_131' title='bbox 1479 1500 1495 1556; x_wconf 82' lang='grc' dir='ltr'>ΙΙ</span> <span class='ocrx_word' id='word_1_132' title='bbox 1520 1503 1574 1544; x_wconf 84' lang='grc'>55</span> <span class='ocrx_word' id='word_1_133' title='bbox 1606 1501 1890 1558; x_wconf 81' lang='lat' dir='ltr'>endecasyll.</span> <span class='ocrx_word' id='word_1_134' title='bbox 1947 1562 1977 1596; x_wconf 58' lang='lat' dir='ltr'><strong><em>s</em></strong></span> 
     </span>
    </p>
   </div>
  </div>
 </body>
</html>
