2020 3106
599 145 881 192 EDITORIS
912 142 1271 190 PRAEFATIO.
1708 139 1797 186 VH

250 268 549 341 Aliquanto
601 269 728 339 post
781 264 1061 320 Conradus
1107 264 1590 335 Wirciburgensis,
1636 265 1798 332 poeta

107 344 199 399 ille
237 343 586 412 clarissimus,
631 342 690 395 in
736 340 973 394 carmine
1021 357 1118 394 suo
1166 338 1502 409 amplissimo
1551 337 1616 391 de
1654 337 1796 390 bello

109 417 343 473 Troiano
382 436 504 472 cum
544 416 651 471 alia
687 414 957 485 permulta
994 414 1179 467 hausit
1217 431 1280 466 ex
1312 411 1634 480 Achilleide,
1680 415 1797 464 tum

107 492 335 547 maxime
366 492 567 563 figuras
598 489 891 544 nonnullas
924 507 986 542 ac
1017 487 1452 557 comparationes
1483 486 1551 540 ad
1575 485 1798 539 verbum

104 584 274 637 paene
306 565 599 636 exscripsit.
675 562 995 617 Accuratius
1046 563 1105 615 in
1158 562 1299 615 hanc
1352 580 1466 615 rem
1513 559 1799 630 inquisivit

105 639 173 695 Η.
218 639 508 711 Dungerus
547 639 607 692 in
644 638 828 691 libello
869 637 961 707 qui
999 636 1312 690 inscribitur
1350 635 1455 689 ‘die
1496 634 1635 705 Sage
1674 652 1799 688 vom

106 713 470 769 troianischen
507 711 726 783 Kriege'
765 712 909 781 Lips.
954 711 1094 765 1869
1134 730 1185 780 p.
1225 710 1313 763 47.
1351 710 1440 764 48.
1480 709 1566 763 52.
1606 708 1694 762 55.

256 787 403 852 Quae
450 806 573 842 cum
618 787 696 840 ita
742 786 876 854 sint,
925 803 1037 839 non
1090 788 1174 839 est
1213 784 1520 838 mirandum
1561 782 1704 853 quod
1742 782 1802 835 in

105 860 390 917 Britannia
413 860 592 916 Gallia
616 860 906 915 Germania
936 862 1021 913 tot
1059 859 1255 930 quibus
1280 859 1586 913 continetur
1617 856 1800 911 Achil·

105 937 202 991 leis
233 935 577 990 inveniuntur
606 935 838 990 codices:
876 934 998 1003 plus
1032 934 1175 987 enim
1210 933 1618 1003 quinquaginta,
1657 929 1800 1001 quod

107 1010 352 1081 equidem
403 1010 593 1080 sciam,
648 1009 822 1063 adhuc
868 1009 926 1061 in
965 1009 1138 1061 lucem
1188 1007 1388 1076 prolati
1436 1009 1577 1060 sunt.
1669 1004 1803 1059 Post

45 1087 51 1097 “
107 1085 382 1140 inventam
422 1087 613 1139 artem-
634 1082 1085 1154 typographicam
1126 1080 1286 1135 Statii
1319 1099 1531 1151 quoque
1562 1080 1803 1134 carmina

108 1159 168 1212 in
191 1158 423 1213 officinis
447 1158 736 1228 praecipue
768 1156 976 1211 Italicis
1001 1156 1295 1210 identidem
1319 1155 1509 1209 formis
1534 1154 1803 1223 descripta

109 1235 250 1290 sunt.
287 1232 513 1287 Editio
539 1231 945 1286 Achilleidos
970 1231 1275 1301 princeps
1302 1233 1484 1283 utrum
1509 1229 1628 1299 ipso
1658 1246 1800 1281 anno

113 1307 258 1362 1470
313 1324 384 1360 an
434 1306 600 1377 paulo
655 1308 781 1375 post
830 1306 1006 1358 lucem
1060 1304 1276 1373 viderit,
1332 1322 1525 1373 parum
1571 1304 1804 1371 constat,

107 1381 305 1452 quippe
329 1398 464 1452 quae
488 1380 755 1450 prodiisse
780 1379 991 1433 dicatur
1012 1396 1113 1433 nec
1138 1396 1280 1432 anno
1301 1396 1402 1431 nec
1417 1378 1536 1431 loco
1553 1376 1803 1430 indicato.

109 1453 419 1509 Editionem
476 1454 820 1509 Romanam
875 1453 1005 1506 anni
1056 1452 1199 1506 1475
1251 1450 1398 1523 (cum
1451 1452 1799 1505 commentar.

107 1526 312 1583 Placidi
334 1528 608 1583 Lactantii
637 1528 694 1581 in
727 1527 913 1596 Theb„
950 1526 1142 1580 Franc.
1166 1526 1488 1579 Maturantii
1511 1526 1569 1579 in
1593 1525 1803 1593 Achill„

108 1600 266 1657 Dom.
298 1601 569 1658 Calderini
607 1603 666 1656 in
697 1599 913 1671 Silvas),
951 1601 1216 1655 editiones
1249 1599 1536 1653 Venetas
1578 1618 1624 1653 a.
1662 1599 1803 1653 1483

110 1678 166 1730 et
206 1676 370 1747 1490,
409 1695 638 1747 quarum
667 1676 927 1730 lectiones
968 1694 1001 1728 a
1031 1675 1251 1728 Menkio
1285 1674 1529 1728 conlatas
1561 1673 1803 1741 adhibui,

111 1753 324 1804 secutae
357 1753 486 1804 sunt
521 1750 798 1804 Aldinae
840 1769 886 1804 a.
923 1749 1066 1803 1502
1099 1752 1153 1802 et
1187 1749 1353 1818 1519,
1392 1767 1620 1819 quarum
1660 1747 1807 1817 prior

112 1822 270 1893 (quae
308 1824 442 1877 mihi
479 1827 695 1893 praesto
735 1823 862 1891 fuit)
903 1823 1029 1877 ‘nisi
1069 1823 1137 1876 ab
1176 1823 1295 1892 ipso
1328 1822 1583 1891 Avantio,
1620 1825 1807 1875 tamen

112 1897 227 1950 eius
251 1897 717 1951 emendationibus
743 1897 1003 1951 adhibitis
1027 1897 1273 1951 confecta
1297 1896 1413 1952 est'.
1471 1894 1577 1967 (Cf.
1603 1895 1807 1949 Ha-ndii

114 1970 282 2039 praef.
320 1990 370 2040 p.
406 1969 683 2042 XXXVI.)
742 1971 829 2025 Ex
858 1971 1062 2025 Aldina
1101 1970 1336 2025 secunda
1375 1974 1686 2025 contextum
1719 1970 1806 2022 de·

115 2044 384 2098 scribebat
420 2043 828 2113 BernartiUS,
874 2045 967 2114 qui
1012 2043 1245 2098 Statium
1291 2045 1349 2097 in
1388 2044 1607 2097 officina
1644 2043 1806 2096 Plan·

111 2117 324 2172 tiniana
361 2118 692 2187 Antverpiae
734 2117 877 2171 1595
916 2117 1107 2187 edidit,
1160 2136 1223 2171 ex
1263 2121 1495 2187 quatuor
1533 2117 1807 2171 codicibus

114 2192 473 2246 emendatum.
547 2191 611 2245 Id
650 2192 792 2262 quod
833 2190 1125 2262 Scaliger
1171 2192 1276 2245 sibi
1321 2193 1701 2261 proposuerat,
1746 2196 1808 2244 ut

115 2263 350 2320 Statium
403 2269 702 2320 correctum
756 2268 812 2319 et
870 2266 1201 2319 illustratum
1263 2266 1466 2336 ederet,
1521 2265 1805 2335 quominus

115 2338 370 2410 efficeret,
414 2340 591 2394 virum
631 2357 842 2394 summo
881 2340 1102 2410 ingenio
1147 2340 1452 2410 praeditum
1498 2340 1807 2410 impediisse

116 2411 310 2468 dicitur
356 2413 522 2468 editio
568 2414 1073 2485 Lindenbrogii,
1124 2432 1260 2485 quae
1314 2433 1360 2467 a.
1403 2414 1547 2468 1600
1585 2414 1808 2468 Parisiis

114 2487 328 2556 prodiit.
414 2487 469 2542 Is
528 2489 742 2542 etiamsi
800 2486 1035 2542 Statium
1090 2506 1203 2542 non
1262 2488 1422 2542 modo
1483 2488 1550 2541 ad
1601 2488 1809 2542 codices

117 2558 198 2630 (in
234 2562 428 2631 quibus
469 2563 703 2631 optimus
742 2562 833 2615 ille
856 2561 1162 2616 Puteaneus
1202 2561 1341 2631 erat)
1382 2563 1509 2615 dum
1547 2562 1606 2615 in
1631 2560 1809 2615 Gallia

87 2703 90 2706 .
114 2635 432 2689 versabatur
447 2637 740 2707 recensuit,
766 2636 859 2690 sed
883 2635 1047 2689 etiam
1063 2636 1334 2689 Lactantii
1350 2636 1737 2689 commentaria
1753 2636 1811 2688 in

115 2706 416 2764 Achilleida
445 2710 680 2779 primum
719 2728 747 2763 e
787 2710 968 2763 codice
992 2710 1291 2764 Pithoeano
1333 2710 1513 2779 edidit,
1550 2709 1707 2778 plura
1731 2712 1811 2762 ta·

116 2798 239 2835 men
277 2801 438 2853 quam
461 2802 562 2853 par
585 2787 700 2838 erat
737 2785 943 2837 intacta
980 2784 1214 2854 reliquit.
1275 2782 1469 2837 Secuta
1508 2785 1591 2836 est
1629 2783 1808 2851 editio,

119 2871 183 2908 ex
220 2874 322 2926 qua
358 2858 471 2912 fere
510 2876 696 2912 omnes
736 2858 973 2926 reliquae
1007 2857 1180 2911 adhuc
1203 2857 1487 2927 fluxerunt,
1525 2855 1560 2910 J
1571 2875 1617 2911 0.
1640 2856 1810 2911 Frid.
