1988 3106
196 187 300 239 118
803 186 853 232 Ρ.
885 185 1113 229 PAPINII
1144 185 1342 230 STATII

454 306 692 358 Maximo
733 322 947 357 carmen
984 307 1205 357 tenuare
1241 307 1420 374 tent03

452 378 612 432 Nunc
651 378 719 431 ab
757 378 975 430 intonsa
1013 377 1270 446 capienda
1307 380 1486 447 myrto

455 450 624 521 Serta,
662 468 806 504 nunc
845 451 1017 504 maior
1055 451 1173 504 sitis
1212 453 1267 504 et
1304 452 1567 505 bibendus

721 522 933 578 Castior
972 525 1158 577 amnis,

456 672 680 735 Quando
719 674 773 725 te
816 671 960 725 dulci
995 669 1150 724 Latio
1189 671 1467 724 remittent

453 745 737 799 Dalmatae
776 747 1002 814 monteS,
1039 745 1131 797 ubi
1169 744 1294 797 Dite
1331 745 1449 797 uiso

452 819 691 873 Pallidus
728 819 905 872 fossor
941 818 1079 871 redit
1117 820 1371 887 erutoque

719 890 986 946 Concolor
1024 891 1190 944 auro‘?

442 1039 594 1093 Ecce
632 1057 717 1092 me
755 1041 943 1091 natum
981 1038 1228 1107 propiore
1266 1041 1410 1091 terra

455 1113 582 1166 Non
618 1116 801 1165 tamen
839 1115 999 1181 portu
1036 1112 1270 1164 retinent
1307 1128 1532 1164 amoeno

454 1186 678 1240 Desides
717 1185 881 1238 Baiae
919 1185 1170 1242 liticenue
1207 1186 1366 1238 notus

726 1258 975 1312 Hectoris
1016 1258 1202 1311 armis·
1403 1268 1405 1271 ’

456 1406 663 1475 Torpor
702 1408 783 1458 est
819 1405 1018 1459 nostris
1059 1404 1173 1457 sine
1210 1406 1265 1456 te
1305 1402 1571 1473 Camenis,

457 1479 683 1532 Tardius
725 1481 876 1531 sueto
914 1478 1068 1530 uenit
1104 1477 1220 1547 ipse
1260 1476 1566 1546 Thymbrae

456 1553 653 1605 Rector
691 1554 745 1604 et
781 1551 969 1620 primis
1008 1568 1158 1603 meus
1197 1568 1315 1603 ecce
1354 1550 1511 1603 metis

719 1623 920 1677 Haeret
956 1623 1206 1677 Achilles,

458 1771 666 1839 Quippe
705 1773 758 1823 te
796 1770 902 1823 fido
941 1770 1206 1823 monitore
1243 1772 1431 1822 nostra

458 1844 693 1897 Thebais
733 1843 905 1896 multa
944 1843 1180 1896 cruciata
1216 1842 1346 1895 lima

458 1917 655 1970 Tentat
692 1916 879 1970 audaci
917 1916 1018 1969 fide
1055 1915 1380 1969 Mantuanae

722 1989 930 2043 Gaudia
966 1989 1159 2042 famae.

458 2135 560 2189 Sed
599 2136 786 2189 damus
824 2137 972 2190 lento
1010 2135 1241 2202 ueniam,
1280 2135 1422 2205 quod
1461 2136 1602 2188 alma

457 2209 615 2262 Prole
654 2209 894 2262 fundasti
931 2226 1128 2262 uacuos
1167 2212 1403 2277 penates,
1498 2264 1501 2266 ,

460 2282 504 2335 O
544 2283 682 2335 diem
719 2283 942 2335 laetum!
983 2281 1133 2334 uenit
1171 2299 1290 2335 ecce
1327 2282 1485 2335 nobis

722 2354 988 2408 Maximus
1029 2355 1183 2407 alter!

462 2500 680 2554 Orbitas
721 2500 867 2553 omni
904 2500 1160 2568 fugienda
1198 2500 1335 2569 nisu,

460 2574 632 2637 Quam
670 2573 866 2643 premit
903 2573 1044 2626 uotis
1082 2573 1331 2626 inimicus
1369 2573 1537 2642 hereS‚

316 2828 369 2867 11
402 2836 486 2867 nec
509 2822 656 2867 maior
674 2820 847 2866 Markl.
872 2821 888 2877 ΙΙ
913 2825 965 2864 19
990 2819 1236 2865 laticemue
1259 2820 1411 2864 motus
1435 2823 1464 2861 0
1488 2833 1528 2875 a,
1553 2831 1665 2864 corr.
1691 2817 1872 2863 Auanti

194 2885 254 2925 20
285 2881 497 2926 Hectoris
528 2880 675 2925 amnis
708 2884 736 2922 0
769 2895 796 2922 a
1912 2882 1918 2894 ’-
1962 2877 1967 2906 ε
