1988 3106
154 163 228 215 40
668 129 671 136 ³
757 162 807 207 P.
837 161 1066 206 PAPINH
1098 160 1295 205 srA'rn

158 283 430 346 Quaesisti
467 283 700 335 lasciuus
741 299 889 333 erum
928 280 1182 349 tardeque
1219 281 1440 349 parasti.
1869 295 1924 335 75

158 356 298 410 Η1110
337 357 551 425 (10111118,
587 355 710 407 hinc
750 358 921 421 011118,
960 354 1263 423 dominique
1300 354 1586 423 penatibus
1627 354 1755 407 olim

158 429 327 484 Carus
368 433 591 498 uterque
630 446 824 497 parens
863 434 1022 495 atque
1060 428 1116 479 in
1153 430 1248 479 tua
1286 427 1484 496 gaudia
1520 428 1669 481 liber.

156 502 239 556 Ne
279 520 557 572 quererere
598 518 788 571 genuS‚
827 503 1041 568 raptum
1078 503 1132 553 te
1170 501 1415 569 protinus
1455 501 1578 553 aluo

158 575 386 630 Sustulit
424 576 667 628 exultans
707 592 768 627 ac
806 575 980 642 prima
1018 573 1193 626 lucida
1230 591 1361 627 uoce

156 650 322 702 Astra
360 649 682 702 salutantem
723 648 969 700 dominus
1010 647 1112 699 sibi
1149 649 1326 699 mente
1365 647 1587 716 dicauit,
1869 661 1925 701 80
1968 674 1988 731 Ῑ

157 724 552 791 Amplexusque
593 722 713 774 sinu
750 721 879 773 tulit
916 724 970 773 et
1008 721 1255 790 genuisse
1293 721 1522 788 putauit.

157 796 260 848 Fas
300 796 435 848 mihi
475 798 778 848 sanctorum
818 794 977 846 uenia
1015 794 1211 846 dixisse
1236 797 1560 877 parentum,

157 869 366 938 Tuque,
407 887 524 937 oro,
563 867 794 951 Natura,
835 868 1003 935 sinaS‚
1043 868 1129 919 cui
1166 867 1320 935 priua
1357 885 1452 936 per
1491 868 1675 920 orbem

157 942 284 995 Iura
323 943 515 995 animis
558 942 763 994 sancire
803 941 1010 992 datum:
1049 958 1162 993 non
1200 941 1380 992 omnia
1418 943 1638 1010 sanguis

157 1015 438 1069 Proximus
479 1018 572 1067 aut
611 1016 743 1067 serie
783 1015 991 1083 generis
1032 1014 1266 1066 demissa
1303 1031 1545 1083 propago
1866 1028 1921 1068 85

157 1089 387 1158 Alligat3
425 1089 650 1141 interius
681 1106 825 1140 noua
864 1104 1022 1156 saepe
1063 1087 1369 1155 adscitaque
1410 1090 1635 1155 serpunt

156 1162 391 1232 Pignora
429 1162 657 1215 conexis.
715 1164 872 1213 natos
911 1161 1162 1229 genuisse
1200 1178 1417 1212 necesse
1457 1166 1561 1230 est,

155 1235 404 1305 Elegisse
442 1237 608 1287 iuuat.
662 1238 845 1286 tenero
888 1234 965 1286 sic
1003 1233 1232 1286 blandus
1271 1233 1470 1286 Achilli

159 1308 384 1362 Semifer
422 1308 781 1360 Haemonium
820 1307 1073 1359 uincebat
1111 1306 1269 1358 Pelea
1308 1305 1522 1360 Chiron.

156 1382 209 1434 N
213 1401 270 1435 ec
309 1383 520 1452 genitor
558 1381 747 1433 Peleus
786 1384 974 1433 natum
1012 1380 1298 1432 comitatus
1336 1380 1393 1431 in
1433 1399 1582 1433 arma
1871 1396 1927 1436 90

159 1455 369 1524 Troica,
409 1455 499 1508 sed
539 1473 660 1507 caro
699 1453 940 1506 Phoenix
976 1453 1234 1505 haerebat
1270 1454 1501 1505 alumno.

159 1528 397 1597 Optabat
433 1530 592 1597 longe
630 1527 833 1579 reditus
873 1526 1136 1578 Pallantis
1175 1527 1387 1594 ouantis

156 1601 428 1670 Euander,
466 1602 602 1653 fidus
641 1618 848 1669 pugnas
889 1599 1168 1667 spectabat
1204 1598 1447 1651 Acoetes.

160 1673 399 1744 Cumque
438 1674 625 1743 procul
664 1674 850 1725 nitidis
891 1673 1104 1742 genitor
1142 1676 1376 1725 cessaret
1415 1673 1483 1725 ab
1524 1673 1684 1726 astris
1694 1715 1706 1740 ‚

157 1748 505 1817 Fluctiuagus
542 1747 817 1800 uolucrem
855 1746 1102 1798 comebat
1138 1745 1334 1798 Persea
1371 1744 1574 1814 Dictys.
1872 1761 1927 1801 95

159 1821 299 1884 Quid
335 1822 564 1873 referam
604 1821 850 1872 altricum
887 1820 1057 1871 uictas
1095 1818 1295 1887 pietate
1334 1821 1620 1886 parentes?

160 1895 299 1956 Quid
334 1897 388 1947 te
428 1897 553 1963 post
591 1894 793 1945 cineres
834 1893 1158 1961 deceptaque
1197 1893 1387 1944 funera
1424 1894 1613 1946 matris

159 1969 348 2020 Tutius
387 1967 520 2020 Inoo
559 1970 861 2034 reptantem
899 1969 1138 2034 pectore,
1177 1964 1422 2018 Bacche?

157 2042 273 2094 Iam
314 2059 500 2093 secura
537 2058 730 2108 parens
770 2039 961 2091 Tuscis
999 2039 1264 2108 regnabat
1300 2040 1358 2091 in
1396 2039 1554 2093 undis

157 2114 282 2181 Ilia,
321 2117 626 2183 portantem
664 2113 904 2166 lassabat
940 2112 1203 2165 Romulus
1242 2111 1928 2168 Accam.100

159 2187 285 2241 Uidi
324 2204 423 2257 ego
462 2189 759 2239 transertos
799 2187 973 2238 alieno
1012 2186 1070 2238 in
1107 2176 1298 2238 robore
1336 2204 1516 2239 ramos

158 2261 340 2313 Altius
379 2261 456 2312 ire
498 2261 624 2312 suis,
686 2263 740 2311 et
776 2262 830 2311 te
869 2261 977 2311 iam
1015 2259 1217 2311 fecerat
1253 2259 1334 2310 illi

158 2334 313 2386 Mens
353 2334 668 2401 animusque
704 2335 937 2401 patrem,
975 2332 1201 2383 necdum
1240 2349 1484 2384 moresne
1524 2331 1770 2387 decorue:

159 2407 240 2459 Tu
278 2411 459 2459 tamen
497 2409 551 2459 et
587 2410 803 2458 truncas
843 2405 1005 2456 etiam
1043 2422 1186 2456 nunc
1224 2422 1493 2456 murmure
1533 2423 1691 2458 uoces

281 2628 334 2668 78
367 2625 554 2680 raptum
585 2623 663 2667 sed
696 2628 725 2664 0
757 2625 899 2678 a1183
926 2620 1077 2676 prima
1108 2625 1136 2661 0
1167 2635 1207 2672 a,
1241 2622 1418 2665 correxi
1446 2622 1462 2677 ΙΙ
1493 2625 1550 2664 84
1581 2622 1756 2666 sancire
1787 2622 1928 2666 Hein-

158 2684 277 2727 sius:
324 2696 484 2726 sanare
531 2686 568 2724 A
608 2687 636 2724 0
685 2681 860 2725 sociare
902 2680 1034 2723 Dom.
1075 2681 1091 2734 ΙΙ
1130 2682 1184 2722 88
1228 2679 1431 2735 Elegisse
1477 2680 1541 2722 A*
1572 2685 1621 2723 0.
1666 2682 1728 2724 Α1
1764 2681 1842 2738 leg
1843 2681 1929 2725 isse

158 2742 291 2786 Dom.
316 2743 332 2797 ΙΙ
355 2746 411 2785 90
444 2741 628 2797 genitor
652 2740 844 2784 Markl.·
876 2739 1029 2782 senior
1053 2742 1081 2778 0
1106 2753 1130 2779 a
1154 2738 1170 2793 ΙΙ
1193 2741 1245 2780 91
1275 2739 1396 2782 claro
1421 2743 1464 2793 0,
1488 2751 1600 2782 corr.
1628 2754 1654 2780 a
1677 2740 1692 2794 Η
1716 2744 1771 2782 95
1796 2740 1929 2783 10110-

163 2801 249 2844 bat
270 2801 443 2844 Markl
469 2801 485 2855 ΙΙ
508 2804 562 2843 97
582 2798 778 2842 fulmina
797 2797 968 2841 Markl
995 2798 1011 2852 ss
1035 2801 1089 2839 99
1114 2809 1281 2851 parens
1296 2800 1347 2840 ςε
1371 2773 1517 2864 pati-is
1541 2802 1569 2838 0
1585 2812 1612 2839 a
1635 2799 1649 2852 ΙΙ
1676 2802 1758 2840 104
1780 2804 1928 2843 mutas

165 2860 260 2911 (uel
290 2860 489 2913 iunctas)
522 2858 662 2902 etiam
693 2871 814 2900 nunc
846 2868 1078 2899 murmure
1110 2859 1138 2895 G
1170 2869 1209 2909 a,
1253 2857 1438 2899 correxi.
1479 2858 1630 2899 motas
1662 2857 1802 2900 etiam
1829 2859 1928 2901 tum
