1988 3106
19 0 118 244 ῑ
632 147 941 193 SILUARUM
974 147 1025 195 L.
1057 148 1115 203 11,
1146 153 1186 194 2.
1732 147 1803 200 47

96 267 241 321 ieriis
281 284 509 339 aequare
548 267 735 321 modis.
812 267 903 320 uix
941 267 1125 321 ordine
1166 267 1328 337 longo

14 379 17 382 -
83 341 308 395 uffecere
347 340 502 409 oculi,
538 341 645 411 uix,
683 341 808 394 dum
846 358 943 409 per
980 341 1197 410 singula
1233 341 1417 409 ducor,

83 414 308 468 uffecere
347 414 559 485 gradus.
636 432 771 484 quae
810 431 987 468 rerum
1024 414 1205 467 turba!
1245 414 1418 467 locine

109 488 326 558 genium
366 505 437 541 an
475 487 673 541 domini
711 487 872 540 mirer
908 488 1092 556 prius?
1131 487 1263 540 haec
1301 487 1491 540 domus
1529 491 1678 541 ortus
1752 502 1809 541 45

28 571 58 625 ,μζ
96 561 252 630 spicit
290 563 344 614 et
378 559 583 615 Phoebi
620 563 864 614 tenerum
901 560 1080 628 iubar3
1120 562 1214 613 illa
1252 560 1529 613 cadentem

97 634 263 688 etinet
301 637 646 704 exactamque
683 636 850 705 negat
887 633 1154 686 dimittere
1194 634 1381 702 lucem,

28 723 176 760 sum
214 707 322 761 iam
360 707 506 762 fessa
543 708 655 760 dies
694 711 749 760 et
785 708 844 760 in
882 725 1114 776 aequora
1152 708 1351 760 montis
1390 708 1545 775 opaci

28 777 33 843 f
95 781 248 834 mbra
286 781 428 835 cadit
464 780 743 851 uitreoque
780 783 971 834 natant
1009 781 1277 849 praetoria
1315 785 1497 850 ponto.

38 903 51 920 k-
99 871 190 907 aec
228 853 409 924 pelagi
447 854 679 908 clamore
718 855 966 922 fremunt,
1003 854 1135 907 haec
1173 857 1317 907 tecta
1356 872 1581 907 sonoros
1755 868 1814 908 50

40 922 70 982 1
109 930 303 981 norant
339 927 531 981 fluctus
568 931 846 997 terraeque
885 928 1101 980 silentia
1138 927 1360 980 malunt.

40 1060 49 1067 Γ
97 1001 142 1053 is
180 1000 317 1053 fauit
354 1004 548 1054 natura
586 1001 731 1069 locis,
769 1001 853 1053 his
892 1002 1037 1053 uicta
1075 1001 1273 1053 colenti

42 1070 222 1128 Cessit
260 1076 315 1127 et
351 1074 568 1145 ignotos
608 1074 795 1128 docilis
834 1075 1139 1127 mansueuit
1175 1075 1232 1127 in
1271 1092 1412 1127 usus.

31 1135 200 1202 Mons
240 1149 355 1200 erat
391 1148 494 1217 hic,
531 1148 623 1201 ubi
662 1148 825 1216 plana
863 1148 1032 1216 uides3
1077 1151 1131 1200 et
1166 1147 1339 1200 lustra
1377 1148 1607 1217 fuerunt,

43 1219 192 1283 Quae
222 1238 366 1274 nunc
396 1223 539 1275 tecta
570 1221 740 1289 subis3
778 1222 870 1274 ubi
900 1239 1042 1274 nunc
1073 1239 1295 1274 nemora
1317 1221 1484 1274 ardua
1511 1221 1701 1289 cerniS,
1755 1236 1812 1274 55

43 1289 148 1349 Hic
186 1311 283 1347 nec
321 1296 468 1348 terra
503 1294 621 1348 fuit.
698 1294 904 1347 domuit
941 1313 1234 1363 possessor,
1272 1298 1326 1347 et
1363 1295 1517 1347 illum

43 1362 390 1422 Formantem
427 1384 588 1436 rupes
627 1370 1125 1437 expugnantemque
1166 1371 1347 1421 secuta

44 1438 256 1494 Gaudet
291 1440 502 1494 humus.
575 1458 717 1494 nunc
756 1459 910 1493 cerne
948 1441 1133 1511 iugum
1172 1441 1431 1494 discentia
1470 1460 1599 1494 saxa

44 1510 420 1583 Intrantesque
459 1513 640 1568 domos
679 1514 985 1583 iussumque
1023 1514 1266 1567 recedere
1305 1518 1556 1567 montem.

45 1585 162 1640 Iam
200 1586 566 1656 Methymnaei
603 1588 744 1641 uatis
784 1606 974 1640 manus
1013 1591 1068 1640 et
1106 1588 1287 1656 chelys
1327 1588 1422 1641 illa
1756 1602 1814 1642 60

47 1657 280 1714 Thebais
320 1663 376 1713 et
413 1659 586 1715 Getici
625 1661 778 1715 cedat
815 1661 914 1713 tibi
954 1661 1126 1730 gloria
1163 1661 1375 1729 plectri:

45 1731 119 1787 Et
154 1737 215 1787 tu
253 1752 384 1787 saxa
420 1751 618 1803 moueS,
659 1737 712 1787 et
749 1737 804 1787 te
842 1752 1063 1787 nemora
1101 1735 1211 1787 alta
1250 1737 1518 1787 secuntur.

47 1805 185 1870 Quid
223 1807 452 1860 referam
490 1810 696 1861 ueteres
735 1825 988 1876 ceraeque
1038 1808 1279 1877 aerisque
1317 1807 1553 1878 figuras?

38 1878 104 1935 si
143 1879 268 1950 quid
304 1880 518 1949 Apellei
556 1881 793 1951 gaudent
830 1882 1097 1934 animasse
1136 1883 1355 1944 coloreS,

47 1951 104 2007 Si
144 1953 271 2023 quid
311 1954 484 2007 adhuc
520 1972 704 2023 uacua,
741 1957 923 2007 tamen
963 1955 1291 2022 admirabile,
1328 1954 1454 2007 Pisa
1756 1969 1813 2008 05

47 2025 332 2080 Phidiacae
370 2045 548 2080 rasere
586 2046 792 2096 manus,
831 2027 971 2096 quod
1010 2028 1077 2080 ab
1117 2031 1231 2080 arte
1269 2027 1511 2096 Myronis

49 2098 159 2152 Aut
196 2098 500 2169 Polycleteo
538 2101 741 2153 iussum
780 2105 862 2153 est
900 2101 1042 2170 quod
1079 2102 1260 2153 uiuere
1299 2102 1461 2169 caelo,

49 2173 296 2242 Aeraque
336 2173 404 2226 ab
442 2166 746 2226 Isthmiacis
786 2191 915 2226 auro
955 2175 1167 2242 potiora
1203 2174 1424 2241 fauillis,

46 2245 156 2300 Ora
194 2247 386 2299 ducum
426 2264 487 2299 ac
524 2249 710 2299 uatum
749 2247 1156 2317 sapientumque
1196 2265 1292 2300 ora
1329 2248 1584 2317 priorum,

49 2317 195 2382 Quos
233 2319 335 2373 tibi
374 2337 502 2373 cura
540 2321 705 2389 sequi,
745 2339 878 2389 quos
916 2324 1032 2373 toto
1073 2324 1285 2388 pectore
1325 2321 1505 2388 sentiS,
1759 2336 1815 2375 ’το

46 2381 255 2462 Expers
296 2411 542 2446 curarum
583 2397 742 2463 atque
783 2394 1019 2447 animum
1060 2394 1258 2446 uirtute
1298 2395 1476 2463 quieta

49 2460 394 2534 compositus
434 2484 743 2536 semperque
782 2469 920 2520 tuuS.
998 2467 1125 2537 quid
1163 2468 1307 2520 mille
1346 2468 1622 2521 reuoluam

67 2757 69 2762 ·
166 2733 224 2774 44
253 2727 404 2774 locine
434 2731 492 2772 A:
531 2727 682 2772 lociue
712 2732 741 2771 0
770 2730 786 2784 ΙΙ
817 2733 873 2773 46
905 2728 1138 2785 Prospicit
1169 2728 1343 2773 Markl.
1367 2730 1382 2783 ΙΙ
1414 2733 1470 2772 60
1501 2728 1584 2773 illa
1616 2729 1815 2774 Markl.:

48 2800 141 2832 una
171 2792 200 2830 0
230 2802 258 2830 a
287 2787 368 2832 uni
397 2787 680 2831 Schraderus
708 2787 724 2843 ΙΙ
755 2792 810 2831 65
845 2785 1027 2843 Siquid
1054 2787 1326 2843 Olympiaca
1356 2787 1508 2832 famae
1540 2788 1815 2833 admirabile

51 2845 263 2903 Markl.fl
287 2850 342 2891 69
374 2859 428 2890 ac
459 2849 510 2889 c:
543 2847 591 2889 et
622 2849 650 2889 ς’
683 2859 709 2888 a
731 2847 747 2902 11
771 2850 822 2889 71
856 2846 1098 2891 turbarum
1132 2847 1305 2890 Markl.
