1976 3094
618 177 961 225 THEBAIDOS
991 177 1102 224 LIB.
1136 177 1192 223 11.
1686 177 1759 232 53

23 305 25 319 ⁴
75 304 221 360 Dum
261 302 481 372 clamat,
521 300 668 356 subit
707 319 799 355 ore
840 318 973 354 cavo
1012 298 1295 353 Teumesia
1335 317 1551 368 cornus,

24 407 27 413 ·
77 377 194 433 Nec
230 376 519 448 prohibent
558 375 762 444 fauces3
802 378 964 444 atque
1003 374 1087 427 illi
1126 392 1255 427 voce
1294 374 1502 444 repleta
1674 386 1760 427 62⁶

25 455 27 466 ’
76 451 383 523 Intercepta
421 452 576 504 natat
615 452 876 519 prorupto
916 449 970 502 in
1014 448 1275 519 sanguine
1312 448 1516 518 lingua.

78 526 269 583 Stabat
307 525 501 595 adhuc,
541 524 710 578 donec
747 523 1070 577 transmissa
1109 525 1281 576 morte
1321 540 1415 592 per
1454 524 1603 575 artus

74 600 302 655 Labitur
339 599 703 668 immorsaque
744 598 939 651 cadens
982 597 1253 651 obmutuit
1291 597 1465 651 hasta.

76 674 190 731 Vos
232 691 467 745 quoque,
507 672 868 742 Thespiadae,
908 690 1000 725 cur
1040 672 1303 725 infitiatus
1344 671 1554 725 honora

78 748 358 804 Arcuerim
397 746 579 801 fama?
618 746 825 800 Fratris
867 746 1187 800 moribunda
1226 746 1444 799 levabat
1675 757 1763 798 630

76 823 320 878 Membra
358 821 474 877 solo
513 820 774 891 Periphas
818 819 920 892 (nil
960 820 1142 874 indole
1183 820 1381 873 clarius
1422 819 1518 872 illa

76 896 190 953 Nec
229 897 430 967 pietate
467 895 620 966 fuit),
659 896 814 949 laeva
854 896 1148 949 marcentia
1188 895 1328 948 colla

80 970 400 1027 sustentans
441 969 732 1039 dextraque
773 970 939 1038 latus,
980 969 1311 1039 singultibus
1353 972 1534 1021 artum

77 1045 348 1101 Exhaurit
386 1045 612 1098 thoraca
651 1043 826 1112 dolor,
865 1063 963 1097 nec
1003 1044 1183 1097 vincla
1222 1046 1470 1097 coercent

31 1165 32 1172 ,
79 1118 392 1175 Undantem
430 1119 560 1172 fletu
600 1118 839 1189 galeam,
879 1136 1001 1171 cum
1040 1118 1213 1171 multa
1253 1118 1490 1186 gementi
1679 1130 1764 1170 635

79 1193 227 1249 Pone
268 1193 450 1264 gravis
479 1211 679 1247 ’curvas
717 1192 1004 1263 perfringit
1043 1193 1231 1246 lancea
1270 1195 1465 1245 costaS.

79 1268 208 1323 Exit
247 1272 302 1322 et
338 1267 397 1321 in
436 1267 684 1336 fratrem,
724 1270 1064 1337 cognataque
1104 1270 1324 1335 pectora
1363 1267 1471 1319 telo

80 1340 356 1411 Conserit3
394 1342 488 1395 ille
528 1341 712 1395 oculos
751 1339 1127 1395 *etiamnum*
1166 1341 1223 1393 in
1260 1340 1379 1393 luce
1418 1342 1669 1393 natantes

80 1415 240 1471 Sistit
279 1419 334 1470 et
373 1417 592 1486 aspecta
630 1416 874 1485 germani
915 1417 1088 1468 morte
1128 1414 1366 1468 resolvit.

81 1489 160 1544 At
199 1491 284 1545 cui
322 1491 438 1544 vita
474 1507 660 1543 recens
702 1492 756 1543 et
795 1490 967 1543 adhuc
1006 1490 1060 1542 in
1099 1489 1318 1542 vulnere
1356 1489 1499 1541 vires
1682 1499 1767 1540 840

83 1563 218 1619 ‘Hos
257 1565 360 1618 tibi
400 1564 730 1633 complexuS,
767 1564 900 1617 haec
940 1562 1086 1617 dent'
1127 1564 1207 1616 ait
1247 1562 1450 1616 eoscula
1488 1560 1641 1615 nati?

81 1638 420 1693 Procubuere
458 1655 615 1708 pares
653 1637 783 1691 fatis
824 1637 1157 1709 (miserabile
1196 1640 1382 1690 votum

83 1710 299 1783 Mortis)
339 1714 394 1765 et
432 1712 642 1765 alterna
680 1712 991 1765 clauserunt
1029 1712 1237 1765 lumina
1276 1711 1480 1764 dextra.

157 1785 412 1839 Protinus
451 1785 594 1838 idem
632 1786 776 1840 ultro
814 1787 993 1839 iaculo
1033 1804 1329 1856 parmaque
1368 1784 1658 1838 Menoeten

85 1858 435 1913 Proterrebat
472 1875 640 1928 agens
678 1860 905 1929 trepidis
945 1861 1176 1930 vestigia
1215 1864 1362 1913 retro
1682 1870 1767 1911 645

84 1933 344 1986 Passibus
383 1935 692 2003 urgentem,
731 1934 899 1987 donec
940 1934 1137 1988 defecit
1175 1935 1362 2003 iniqua

85 2005 292 2076 Lapsus
340 2007 528 2074 hum0,
572 2007 877 2076 pariterque
917 2027 1109 2061 manus
1150 2009 1442 2061 distractus
1482 2008 1538 2060 in
1579 2006 1767 2059 ambas

34 2095 37 2149 ς
85 2078 220 2134 Orat
259 2083 316 2134 et
355 2099 387 2133 a
423 2080 607 2149 iugulo
647 2081 907 2133 nitentem
950 2083 1179 2134 sustinet
1214 2082 1455 2135 hastam:

34 2182 40 2232 2
86 2153 272 2208 ‘Parce
310 2172 407 2224 per
445 2153 545 2207 has
587 2154 759 2207 stellis
796 2155 1251 2208 interlabentibus
1291 2156 1535 2223 umbraS,

85 2227 189 2282 Per
229 2246 454 2298 superos
493 2231 814 2297 noctemque
845 2231 1018 2300 tuam3
1058 2229 1195 2299 sine,
1234 2229 1416 2283 tristia
1448 2228 1651 2281 Thebis
1684 2241 1770 2281 650

36 2326 37 2361 ς
85 2301 324 2356 Nuntius
365 2305 486 2355 acta
525 2302 696 2355 feram
735 2303 992 2373 vulgique
1031 2323 1129 2373 per
1168 2322 1264 2357 ora
1302 2303 1550 2372 paventis

86 2373 410 2446 Contempto
450 2378 504 2428 te
542 2394 667 2446 rege
708 2395 921 2430 canam:
962 2378 1037 2430 sic
1075 2378 1246 2431 inrita
1283 2378 1442 2431 nobis

86 2449 218 2503 Tela
256 2450 475 2520 cadant,
513 2450 757 2520 nullique
795 2453 948 2504 tuum
988 2453 1323 2522 penetrabile
1363 2452 1506 2504 ferro

85 2523 302 2594 Pectus,
341 2527 395 2577 et
433 2525 643 2592 optanti
682 2526 855 2578 victor
893 2526 1166 2580 reveharis
1207 2525 1415 2580 amico?

203 2637 288 2678 637
313 2646 378 2687 sq.
423 2631 574 2675 ‘Fixit
607 2658 658 2663 -
693 2632 877 2677 traicit'
922 2634 1097 2678 schol.
1137 2634 1280 2678 Theb.
1322 2634 1386 2678 ΠΙ
1428 2639 1510 2678 152
1550 2649 1594 2690 p.
1629 2638 1685 2678 89
1719 2633 1770 2678 L.

204 2734 290 2774 630
314 2728 558 2774 Arcuerim
584 2730 627 2787 (c
651 2744 705 2774 ex
722 2744 754 2786 g
778 2733 913 2787 corr.)
934 2731 991 2773 (3²
1006 2732 1287 2776 Bernartius
1302 2729 1551 2786 Arguerim
1574 2734 1742 2773 PBsu
1758 2731 1771 2785 ’ξ

88 2791 173 2833 633
205 2787 298 2832 arti
327 2793 360 2831 P
383 2789 398 2845 ΙΙ
422 2794 509 2833 634
541 2788 743 2833 Vexavit
774 2790 1025 2835 Muellerus
1047 2793 1062 2845 ΙΙ
1087 2796 1171 2835 637
1203 2789 1326 2833 ferro
1357 2791 1488 2834 schol.
1518 2789 1651 2835 Theb.
1677 2790 1778 2833 III

87 2849 195 2915 15:²³
225 2849 344 2904 quod
367 2850 534 2904 probat
557 2848 864 2894 Baelzreusius
894 2849 992 2894 leto
1016 2850 1234 2894 Naukius
1257 2851 1273 2906 ss
1297 2853 1382 2893 638
1408 2851 1456 2892 et
1481 2848 1633 2893 adhuc
1665 2848 1715 2892 in
1738 2854 1771 2891 P

89 2905 342 2950 etiamnum
358 2905 409 2950 in
422 2908 554 2952 ceteri
566 2921 732 2952 casura
743 2907 793 2951 in
801 2908 1110 2954 Baehrensius
1122 2910 1329 2953 extrema
1342 2908 1445 2952 luce
1458 2909 1520 2952 M
1518 2910 1772 2954 arklandus
