1976 3094
656 153 996 200 THEBAIDOS
1029 155 1140 203 LIB.
1172 154 1250 204 IV.
1291 186 1297 190 -
1689 159 1793 214 109

26 287 27 290 ’
99 278 259 348 Isque
297 276 392 331 ubi
428 277 684 348 pulverea
722 275 773 330 N
777 294 964 331 emeen
1003 276 1253 333 effervere
1292 278 1436 333 nube

100 350 380 422 Conspicit
419 352 474 406 et
513 347 770 405 *solem*
809 350 975 405 radiis
1014 351 1287 422 ignescere
1324 352 1477 422 ferri,
1706 368 1792 410 005

99 426 342 481 Necdum
381 425 709 496 compositas
749 425 877 479 belli
916 425 974 478 in
1012 426 1309 480 certamina
1349 425 1588 492 Thebas,

101 498 405 556 Concussus
443 499 597 569 visis,
637 517 962 569 quamquam
1004 518 1095 554 ore
1136 504 1191 553 et
1226 503 1444 570 pectore
1484 506 1709 571 marcet,

33 576 37 586 ’
101 573 349 645 Aeraque
387 577 755 644 tympanaque
794 577 849 627 et
889 573 1119 627 biforem
1157 576 1380 629 reticere
1419 576 1714 630 tumultum

98 647 360 719 Imperat,
398 648 662 702 attonitas
701 648 793 717 qui
833 648 1034 702 circum
1074 649 1338 719 plurimus
1379 667 1558 720 aures,

99 722 279 795 Atque
295 722 396 776 ita:
413 721 520 776 ‘me
537 722 733 794 globus
749 721 855 775 iste
872 740 1151 792 meamque
1170 723 1453 778 excindere
1471 728 1686 796 gentem
1701 739 1790 780 670

100 796 367 868 Apparat3
408 814 472 850 ex
510 796 675 867 longo
715 797 918 850 recalet
957 797 1127 867 furor3
1171 798 1274 852 hoc
1313 798 1448 851 mihi
1489 817 1709 853 saevum

24 922 25 926 ,
103 870 282 943 Argos
322 874 378 925 et
416 870 713 925 indomitae
752 870 959 925 bellum
992 871 1097 925 ciet
1136 872 1218 925 ira
1256 890 1534 927 novercae.

100 945 283 1016 Usque
323 944 527 999 adeone
565 963 758 1016 parum
799 946 964 999 cineri
1003 945 1133 999 data
1173 951 1347 1000 mater
1386 948 1570 1017 iniquo

99 1019 434 1090 Natalesque
471 1020 590 1090 rogi
631 1037 874 1091 quaeque
914 1021 1028 1089 ipse
1070 1021 1329 1074 micantia
1369 1021 1513 1075 sensi

100 1093 384 1166 Fulgura?
422 1093 701 1164 Reliquias
741 1094 907 1147 etiam
946 1095 1205 1164 fusaeque
1246 1095 1550 1165 sepulcrum
1709 1109 1795 1150 675

101 1167 330 1223 Paelicis
370 1169 425 1222 et
462 1167 694 1223 residem
732 1167 876 1222 ferro
915 1169 1057 1238 petit
1096 1170 1265 1238 impia
1303 1169 1541 1223 Theben.

102 1242 333 1298 Nectam
370 1242 558 1312 fraude
597 1260 799 1311 moras3
839 1243 1020 1314 illum,
1058 1243 1215 1297 illum
1254 1243 1459 1298 tendite
1498 1262 1774 1314 campum,

103 1316 356 1386 Tendite‚
394 1316 471 1386 ic,
511 1315 770 1371 comites?
848 1316 1137 1387 Hyrcanae
1177 1318 1244 1371 ad
1285 1318 1444 1389 signa
1481 1318 1691 1390 iugales

103 1391 417 1445 Intumuere
455 1390 612 1444 iubas
621 1432 635 1460 ‚
674 1390 818 1445 dicto
858 1391 1007 1460 prius
1048 1391 1263 1445 adstitit
1302 1393 1463 1446 arviS.

178 1464 414 1535 Tempus
449 1467 582 1534 erat,
612 1464 776 1518 medii
808 1483 928 1518 cum
955 1466 1127 1519 solem
1152 1467 1209 1518 in
1232 1466 1469 1520 culmina
1492 1465 1679 1520 mundi
1711 1480 1797 1521 680

103 1538 277 1594 Tollit
315 1538 513 1593 anhela
552 1538 690 1609 dies,
728 1539 822 1592 ubi
860 1540 1046 1593 tardus
1086 1539 1365 1594 hiantibus
1405 1542 1550 1594 arvis

104 1611 230 1668 Stat
265 1631 437 1684 vapor
475 1615 638 1683 atque
678 1631 865 1667 omnes
905 1614 1202 1668 admittunt
1241 1614 1463 1668 aethera
1502 1615 1624 1669 luci.

103 1686 384 1742 Undarum
421 1691 580 1741 vocat
618 1687 714 1741 ille
753 1687 881 1742 deas
922 1688 1238 1759 mediusque
1278 1689 1535 1743 silentum

105 1760 329 1831 Incipit:
368 1759 630 1833 ‘agrestes
670 1762 959 1816 fluviorum
997 1764 1223 1816 numina
1261 1763 1550 1833 Nymphae

106 1834 183 1890 Et
219 1835 395 1888 nostri
430 1853 557 1905 pars
596 1853 796 1908 magna
835 1837 1045 1909 gregis,
1083 1838 1319 1907 perferte
1360 1838 1626 1907 laborem,
1711 1851 1798 1892 685

106 1907 278 1971 Quem
315 1908 519 1962 damus.
571 1908 860 1980 Argolicos
896 1912 1122 1980 paulum
1160 1911 1296 1966 mihi
1330 1911 1575 1966 fontibus
1612 1930 1798 1966 amnes

107 1981 419 2053 Stagnaque
459 1986 514 2036 et
551 1987 793 2037 errantes
833 1984 1084 2038 obducite
1122 1987 1342 2054 pulvere
1381 1987 1544 2040 rivos

109 2055 464 2126 Praecipuam
502 2055 766 2126 Nemeen,
805 2076 912 2127 qua
949 2062 1139 2112 nostra
1177 2060 1235 2112 in
1276 2060 1491 2114 moenia
1528 2060 1687 2114 bellis

107 2129 267 2184 Nunc
303 2130 429 2198 iter,
471 2149 535 2184 ex
575 2132 685 2185 alto
725 2131 904 2202 fugiat
940 2131 1144 2202 liquor3
1185 2133 1404 2187 adiuvat
1442 2134 1556 2202 ipse

107 2204 358 2259 Phoebus
398 2203 573 2259 adhuc
613 2224 845 2275 summ0,
884 2210 1059 2260 cesset
1094 2206 1153 2259 ni
1189 2211 1373 2261 vestra
1404 2207 1679 2277 voluntaS,
1712 2221 1800 2262 090

37 2382 42 2387 ·
227 2355 314 2397 664
351 2348 659 2408 effervescere
698 2356 731 2395 P
767 2354 845 2398 sed
876 2354 934 2408 cf.
977 2353 1085 2397 VII
1114 2357 1206 2398 795
1236 2351 1464 2397 Nemeam
1497 2351 1801 2398 effervescere

13 2409 40 2469 ἐξ
107 2409 475 2473 Lindmbroyius
503 2411 520 2468 ΙΙ
551 2415 636 2457 665
675 2412 822 2456 solem
859 2410 1007 2457 radiis
1047 2411 1289 2469 ignescere
1322 2411 1434 2457 ferri
1465 2414 1592 2458 codd.
1625 2417 1668 2458 et
1697 2414 1797 2460 edd.

106 2467 224 2515 solis
260 2485 297 2515 r.
335 2469 367 2516 i.
405 2470 580 2515 ferrum
613 2471 886 2529 Madviyius
923 2471 1092 2516 silvam
1121 2487 1156 2516 r.
1190 2471 1221 2516 i.
1253 2470 1362 2516 ferri
1398 2471 1666 2518 Koestlinus
1697 2473 1798 2518 coll.

119 2527 164 2573 V
191 2532 221 2575 9
250 2543 314 2587 eq.
345 2531 432 2575 IX
462 2533 556 2575 592
589 2531 638 2574 et
668 2530 815 2575 solem
843 2546 881 2576 r.
913 2545 1163 2576 vanescere
1194 2531 1307 2575 ferri
1338 2532 1653 2577 Baehrensius
1674 2533 1691 2589 ΙΙ
1714 2537 1802 2577 668

15 2569 17 2577 ⁸
109 2586 260 2634 bifora
289 2593 323 2632 1·
344 2592 361 2646 n
383 2595 470 2635 669
503 2587 640 2644 quisi*
663 2591 678 2647 n
703 2595 790 2636 6⁷0
821 2590 990 2648 globus
1022 2590 1113 2636 iste
1144 2596 1222 2634 re
1252 2605 1417 2635 manus
1448 2590 1541 2635 ista
1570 2591 1764 2634 nem:
1788 2592 1802 2647 ff}

14 2659 17 2682 ⁵
109 2651 197 2693 671
243 2660 301 2692 ex
344 2648 487 2706 longo
533 2653 652 2692 PG'P
695 2651 744 2694 et
779 2650 922 2708 longe
966 2651 1157 2694 36281
1204 2652 1253 2694 et
1294 2650 1438 2707 longo
1486 2650 1617 2695 Leia.
1658 2652 1675 2707 fl
1713 2655 1802 2695 674

109 2705 344 2753 minantia
373 2713 407 2753 P
435 2711 452 2766 11
482 2713 569 2753 676
606 2707 754 2766 impia
782 2714 859 2753 PG
890 2709 1106 2768 improba
1135 2714 1225 2753 ΒΗ
1246 2711 1262 2765 ῃ
1286 2714 1370 2754 687
1405 2711 1590 2753 arentes
1625 2710 1801 2768 Peyra-

13 2778 17 2802 ν
112 2766 248 2812 reduc
275 2768 294 2824 ΙΙ
323 2772 408 2813 688
440 2766 747 2825 Pmecipuam
776 2782 974 2814 nemeen
1010 2775 1043 2812 P
1074 2768 1360 2826 Praecipuus
1390 2782 1578 2813 nemees
1608 2769 1802 2812 Bfflsn

12 2835 40 2863 ι’
111 2837 309 2871 nemeen
351 2827 463 2873 Beh.
515 2840 704 2872 nemeos
741 2843 766 2871 r
811 2829 941 2875 Leid.
989 2828 1248 2886 Praecipue
1292 2841 1490 2873 nemeen
1530 2833 1566 2871 G
1610 2841 1801 2874 nemeos

12 2936 13 2939 Ἴ
111 2885 235 2941 ‘PER
256 2890 342 2932 690
373 2886 527 2931 adhuc
559 2891 633 2930 PL
664 2888 797 2933 schol.
832 2892 859 2931 8
891 2902 973 2935 sec.
1002 2903 1059 2934 m.
1096 2887 1156 2932 ad
1186 2887 1275 2933 hoc
1305 2892 1430 2931 BIS
1457 2901 1533 2946 pr.
1566 2901 1622 2933 m.
