1988 3106
171 169 275 222 102
775 169 827 213 P.
857 169 1083 214 PAPINII
1115 168 1315 214 STATII

428 289 534 344 Hic
574 289 754 358 segnis
791 289 980 357 populi
1017 289 1135 342 uias
1173 292 1429 359 grauatus
1870 305 1926 346 20

427 362 531 415 Per
570 381 786 431 campos
825 363 927 414 iter
965 380 1122 415 omne
1159 362 1456 416 detinentes

427 435 643 505 Longos
683 435 866 488 eximit
904 436 1136 499 ambitus
1173 454 1419 505 nouoque

427 508 637 562 Iniectu
676 509 872 562 solidat
908 512 1091 578 putres
1128 509 1373 578 harenaS,

428 581 675 635 Gaudens
712 581 986 635 Euboicae
1025 583 1240 636 domum
1279 582 1515 651 Sibyllae
1970 632 1974 646 ,.

429 655 820 725 Gauranosque
853 656 1001 708 sinus
1041 659 1096 709 et
1133 659 1439 709 aestuantes
1869 672 1925 713 25

429 728 645 798 Septem
683 729 958 782 montibus
997 730 1278 782 admouere
1316 729 1494 782 Baias.
1949 746 1970 754 ·

428 802 532 855 Hic
565 802 833 871 quondam
871 803 1025 872 piger
1062 821 1159 856 axe
1197 806 1383 856 uectus
1419 803 1525 856 udo

426 875 478 928 N
481 877 672 929 utabat
710 894 863 928 cruce
901 875 1132 944 pendula
1167 876 1366 945 uiator,

428 948 797 1018 Sorbebatque
836 952 986 1002 rotas
1025 950 1264 1020 maligna
1300 951 1478 1018 tellus,
1950 1003 1951 1006 ,

426 1023 500 1075 Et
536 1023 687 1091 plebs
726 1024 782 1075 in
822 1023 1011 1076 mediis
1048 1023 1243 1077 Latina
1281 1024 1484 1093 campis
1870 1041 1927 1082 30
1954 1039 1972 1050 ²

427 1096 699 1149 Horrebat
737 1097 880 1149 mala
916 1097 1306 1166 nauigationis;

426 1169 541 1222 Nec
581 1188 764 1222 cursus
806 1170 987 1239 agileS‚
1027 1171 1119 1223 sed
1155 1170 1472 1239 impeditum

426 1242 737 1296 Tardabant
774 1243 875 1296 iter
913 1243 1118 1296 orbitae
1155 1244 1403 1313 latentes,

426 1315 570 1368 Dum
608 1316 818 1385 pondus
856 1317 1083 1369 nimium
1122 1335 1348 1387 querens
1389 1319 1486 1371 sub
1528 1319 1639 1372 alta
1937 1350 1940 1355 ·

426 1389 588 1459 Repit
626 1389 883 1460 languida
921 1390 1222 1460 quadrupes
1262 1393 1475 1444 statera.
1869 1405 1923 1447 35

426 1463 503 1514 At
540 1481 696 1531 nunc,
735 1481 869 1531 quae
909 1464 1139 1516 solidum
1177 1464 1316 1516 diem
1347 1465 1571 1533 terebat,

425 1534 695 1588 Horarum
733 1536 823 1588 uia
859 1537 1004 1588 facta
1041 1538 1132 1589 uix
1170 1537 1409 1590 duarum.

425 1607 551 1661 Non
588 1612 773 1661 tensae
811 1610 1090 1662 uolucrum
1127 1628 1222 1679 per
1260 1614 1405 1664 astra
1441 1629 1664 1681 pennae,

425 1681 538 1735 Nec
575 1683 810 1735 uelocius
847 1683 1012 1750 ibitis,
1051 1683 1278 1736 carinae.
1974 1727 1978 1752 ἦ

424 1754 529 1808 Hic
566 1756 771 1824 primus
810 1756 963 1808 labor
1000 1756 1255 1809 incohare
1293 1758 1468 1810 sulcos
1867 1773 1922 1813 40
1963 1763 1979 1826 3

425 1829 500 1880 Et
537 1828 838 1881 rescindere
876 1829 1075 1882 limites
1116 1833 1171 1882 et
1209 1831 1318 1883 alto

425 1902 629 1971 Egestu
666 1903 881 1970 penitus
921 1921 1113 1956 cauare
1149 1906 1344 1972 terras3

423 1975 552 2028 Mox
588 1975 810 2028 haustas
851 1976 1006 2028 aliter
1041 1977 1243 2045 replere
1280 1977 1454 2030 fossas

422 2048 498 2100 Et
539 2067 748 2102 summo
788 2050 1050 2118 gremium
1087 2068 1278 2118 parare
1316 2050 1490 2119 (10180,
1972 2095 1977 2119 3

423 2120 506 2174 Ne
544 2125 739 2174 nutent
778 2123 907 2191 sola,
945 2140 1011 2175 ne
1049 2123 1288 2192 maligna
1327 2124 1476 2177 sedes
1536 2159 1539 2161 -
1866 2138 1925 2178 μ
1971 2127 1974 2153 ÷

423 2194 530 2247 Det
566 2196 766 2264 pressis
805 2196 1024 2248 dubium
1063 2196 1436 2266 cubiledsaxis3
1972 2200 1976 2214 ¹

424 2268 574 2321 Tunc
612 2269 934 2321 umbonibus
971 2270 1098 2322 hinc
1137 2272 1192 2323 et
1226 2269 1354 2323 hinc
1392 2272 1592 2324 coactis

422 2340 497 2393 Et
534 2342 733 2394 crebris
772 2343 875 2394 iter
913 2342 1136 2412 alligare
1174 2343 1437 2412 gomphis.

276 2562 332 2601 20
365 2556 517 2612 segnis
551 2558 749 2614 (segnes)
785 2561 829 2613 ς,
861 2557 1105 2603 Heinsius.-
1151 2557 1272 2603 senis
1302 2562 1354 2615 A,
1400 2565 1442 2605 et
1470 2562 1539 2606 ita
1576 2562 1650 2606 uel
1688 2562 1810 2607 senis
1849 2567 1878 2606 G
1907 2577 1919 2622 1

157 2617 377 2673 grauatas
407 2619 446 2658 A
477 2620 529 2669 c,
568 2629 682 2662 corr.
715 2615 938 2660 Heinsius
968 2617 984 2673 ΙΙ
1007 2622 1061 2660 21
1094 2617 1183 2661 Per
1211 2618 1398 2676 scripsi:
1429 2619 1490 2663 Et
1518 2623 1556 2662 A
1588 2622 1732 2677 01123
1763 2623 1912 2678 putr
1969 2655 1972 2681 ᾗ

157 2675 207 2720 J.
244 2674 465 2719 Clericus:
504 2688 667 2731 graues
711 2679 740 2716 0
771 2690 798 2717 a
828 2676 843 2731 ΙΙ
877 2679 933 2718 27
965 2674 1057 2718 11ᾱο
1088 2675 1334 2721 Heinsius:
1364 2691 1456 2722 uno
1488 2682 1517 2720 c
1547 2693 1575 2720 a
1596 2680 1612 2735 ΙΙ
1637 2684 1690 2722 33
1723 2680 1972 2727 latent-1

154 2733 480 2777 Burmannus:
519 2734 726 2778 tacentes
759 2737 787 2775 c
817 2748 846 2775 a
882 2733 1086 2777 iacentes
1119 2735 1293 2779 Markl.
1317 2737 1334 2792 ΙΙ
1356 2740 1413 2780 35
1444 2735 1584 2792 Repit
1613 2740 1651 2779 A
1684 2741 1734 2782 ςε
1773 2739 1906 2796 Rep.
1959 2732 1971 2744 ³

154 2792 218 2835 rit
249 2796 277 2833 0
307 2790 322 2849 Η
352 2796 408 2835 45
441 2806 531 2836 neu
562 2791 842 2836 Schraderus
864 2792 880 2848 ss
903 2796 959 2836 46
991 2791 1082 2836 Det
1111 2792 1358 2838 Heinsius:
1387 2794 1449 2838 Et
1478 2799 1508 2836 G
1538 2809 1566 2837 a
1587 2796 1604 2852 ΙΙ
1634 2800 1690 2840 48
1721 2795 1812 2841 iter
1841 2809 1905 2854 ag¹

154 2864 315 2906 gerare
340 2850 563 2895 Heinsius
590 2852 597 2907 Ι
624 2849 837 2907 gomphis
869 2854 928 2894 A:
961 2851 1107 2906 gonfis
1141 2855 1168 2893 c
1911 2887 1915 2891 .
