1976 3126
182 167 291 220 242
760 166 810 210 P.
841 164 1068 211 PAPINII
1099 163 1291 209 STATII

181 286 423 341 Exutum
462 305 623 340 canos
662 286 840 339 lacero
881 285 1183 339 diademate
1223 285 1423 339 crines!

183 360 299 415 Nec
338 361 527 430 procul
564 360 714 427 hinc,
754 359 972 413 adverte
1011 359 1222 414 oculos:
1259 358 1356 412 ubi
1393 359 1656 427 plurimus
1695 358 1789 412 ille

180 434 387 504 Pulvis,
419 435 511 487 ubi
535 434 631 487 ille
657 432 889 504 globus?
937 433 1164 486 Paulum
1189 433 1344 486 stetit
1369 433 1560 485 anxius
1584 433 1745 486 heros
1787 446 1870 488 165

181 508 551 578 Librabatque
576 511 773 576 metus3
805 507 1006 577 premit
1029 525 1223 576 aspera
1246 507 1425 575 virgo:
1457 504 1620 570 ‘Quid
1641 506 1869 560 haeres?

180 581 367 635 Imus?
408 601 479 635 an
515 581 575 633 hi
613 581 849 634 retinent
887 599 1095 650 manes,
1136 584 1192 634 et
1228 580 1390 635 vilior
1428 581 1522 634 ille

182 655 285 719 Qui
327 654 637 725 superestP'
689 654 951 708 Miserum
990 655 1152 708 sociis
1193 673 1329 724 opus
1369 657 1424 707 et
1462 673 1561 708 sua
1598 653 1821 709 mandat

179 728 397 783 Proelia
436 733 490 782 et
528 729 772 782 unanimi
810 729 961 782 vadit
998 729 1242 782 desertor
1281 728 1463 797 amici,

180 802 497 872 Respiciens
537 806 722 856 tamen
762 805 816 855 et
852 805 1108 857 revocent
1147 803 1192 856 si
1230 802 1373 856 forte
1411 805 1649 871 paratus.
1788 815 1871 855 170

180 876 314 930 Inde
351 878 538 948 legens
579 877 802 931 turbata
841 877 1010 930 trucis
1049 877 1285 947 vestigia
1325 876 1477 930 divae

180 946 302 1004 Hu‘c
340 951 468 1005 illuc
507 950 711 1004 frustra
749 950 860 1004 ruit
900 951 1075 1020 avim,
1111 951 1282 1020 impia
1320 950 1492 1005 donec

179 1023 442 1078 Eumenis
483 1043 548 1078 ex
588 1025 758 1079 oculis
796 1025 998 1078 reiecta
1036 1025 1253 1079 caerula
1289 1042 1480 1094 parma

178 1096 346 1168 Fugit
385 1102 440 1152 et
479 1099 748 1152 innumeri
788 1099 1003 1168 galeam
1041 1117 1236 1168 rupere
1275 1101 1530 1152 cerastae.
1936 1143 1941 1154 2

179 1171 394 1241 Aspicit
431 1173 622 1226 infelix
661 1172 904 1226 discussa
940 1173 1083 1226 nube
1122 1173 1336 1242 quietos
1787 1183 1870 1224 175
1942 1213 1945 1216 ⁴

179 1244 470 1299 Inachidas
511 1264 830 1316 currumque
868 1245 1007 1300 nihil
1045 1246 1335 1300 metuentis
1373 1245 1611 1299 Adrasti.

252 1316 328 1372 Et
366 1320 515 1389 Tyrii
554 1320 663 1373 iam
703 1338 899 1390 corpus
938 1320 1165 1389 habent,
1203 1321 1313 1373 iam
1353 1320 1550 1390 gaudia
1588 1337 1820 1390 magnae

180 1391 478 1447 Testantur
517 1412 700 1464 voceS,
738 1393 1018 1465 victorque
1057 1394 1294 1448 ululatus
1335 1395 1554 1448 oberrat

178 1465 418 1521 Auribus
458 1468 778 1538 occultoque
815 1468 945 1522 ferit
981 1468 1297 1538 praecordia
1336 1469 1503 1522 luctu.

179 1540 410 1594 Ducitur
448 1542 635 1595 hostili
676 1541 798 1614 (pro
839 1539 973 1596 dura
1011 1543 1258 1612 potentia
1294 1541 1446 1612 fatil)
1787 1554 1870 1595 180

181 1613 392 1684 Tydeus
432 1616 526 1669 ille
567 1616 710 1686 so10,
748 1617 909 1670 modo
950 1617 1036 1670 cui
1075 1616 1338 1670 Thebana
1378 1615 1626 1686 sequenti

179 1688 441 1758 Agmina,
481 1690 594 1742 sive
635 1689 835 1759 gradus
877 1707 971 1743 seu
1008 1689 1162 1743 frena
1201 1691 1520 1759 effunderet,
1557 1689 1750 1759 ingens

179 1761 360 1815 Limes
422 1764 695 1833 utrimque
761 1763 942 1834 datus,
990 1782 1289 1834 numquam
1354 1782 1506 1816 arma
1570 1781 1869 1832 manusque

1246 1837 1550 1906 quiescunt:

178 1908 350 1963 Nulla
388 1911 493 1963 viri
531 1909 721 1964 feritas
730 1952 746 1979 ,
784 1911 936 1964 iuvat
975 1930 1073 1965 ora
1110 1911 1350 1981 rigentia
1387 1911 1500 1965 leto

175 1982 250 2036 Et
289 1983 617 2038 formidatos
658 1985 859 2054 inpune
900 1986 1164 2038 lacessere
1203 1987 1400 2039 vultus,
1784 1996 1866 2038 185

178 2055 284 2109 Hic
324 2076 499 2127 amor,
538 2059 639 2111 hoc
679 2078 788 2111 una
826 2059 1006 2112 timidi
1043 2059 1319 2128 fortesque
1360 2061 1657 2128 sequuntur

176 2129 486 2184 Nobilitare
526 2151 746 2201 manuS‚
782 2132 1091 2203 infectaque
1131 2133 1392 2202 sanguine
1431 2133 1543 2186 tela

179 2201 513 2274 Coniugibus
554 2209 774 2260 servant
811 2207 1100 2277 parvisque
1141 2207 1421 2261 ostendere
1461 2206 1621 2260 natis,

177 2275 266 2331 Sic
305 2279 401 2332 ubi
439 2279 634 2333 Maura
672 2280 765 2333 diu
803 2281 1126 2350 populatum
1163 2299 1292 2334 rura
1332 2281 1569 2349 leonem,

177 2350 349 2413 Quem
372 2357 597 2423 propter
621 2354 895 2423 clausique
919 2372 1112 2426 greges
1131 2354 1467 2425 vigilantque
1484 2354 1756 2424 magistri,
1780 2366 1865 2407 190

174 2424 466 2478 Pastorum
506 2427 685 2480 lassae
725 2427 1062 2482 debellavere
1103 2428 1376 2482 cohortes:

177 2497 387 2552 Gaudet
427 2517 579 2570 ager,
617 2518 818 2571 magno
859 2503 1092 2555 subeunt
1130 2502 1364 2556 clamore
1404 2503 1606 2570 coloni,

178 2571 647 2644 praecerpuntque
686 2575 844 2629 iubas
884 2576 1246 2646 immaniaque
1287 2595 1382 2630 ora
1419 2576 1702 2630 recludunt

296 2708 383 2748 164
402 2704 565 2761 procul
581 2704 658 2749 hic
674 2710 707 2748 P
730 2706 746 2762 ss
772 2711 853 2750 177
872 2704 936 2749 At
951 2706 1179 2750 Barthius
1195 2706 1210 2765 ΙΙ
1229 2711 1312 2751 178
1332 2707 1520 2751 oberrat
1535 2710 1662 2749 (3111
1678 2704 1866 2750 aberrat

175 2766 208 2804 P
246 2762 438 2807 aderrat
457 2767 594 2807 <3811
634 2764 814 2808 inerrat
845 2765 941 2809 edd.
974 2769 1074 2809 vett.
1113 2767 1129 2822 ΙΙ
1170 2771 1253 2810 182
1293 2764 1468 2821 gradus
1498 2770 1531 2808 P
1561 2765 1671 2810 Βοὴ.
1713 2763 1861 2822 gradu

174 2825 277 2866 Bsc
308 2822 511 2878 gradum
534 2827 580 2865 M
602 2825 617 2879 ΙΙ
643 2828 725 2868 183
757 2824 1005 2879 utrumque
1028 2828 1062 2866 P
1084 2823 1272 2880 utrique
1296 2828 1371 2867 ΤΒ
1394 2839 1467 2881 pr.
1491 2839 1549 2869 m.
1577 2827 1583 2880 Ι
1609 2835 1863 2878 numquam

180 2884 213 2922 P
243 2894 478 2936 nusquam
508 2886 634 2925 BSM
656 2887 672 2937 n
698 2886 782 2927 186
817 2884 1036 2926 secuntur
1066 2887 1140 2926 PB
1163 2885 1179 2940 ΙΙ
1206 2888 1287 2928 187
1319 2897 1474 2929 versus
1504 2884 1622 2928 deest
1650 2884 1703 2927 in
1732 2886 1767 2925 B
