1956 3086
577 179 861 226 EDITORIS
892 177 1252 225 PRAEFATIO.
1754 193 1828 222 vn-

47 304 173 358 lime
219 302 487 356 interdum
544 318 576 353 a
622 299 883 354 Politiani
942 316 1105 352 manu
1157 297 1548 351 discernendas.
1625 315 1687 350 ex
1736 297 1821 351 his

50 376 222 432 causis
262 376 480 446 plenam
521 373 825 427 collationis
863 372 1008 426 illius
1046 371 1297 426 notitiam
1334 370 1666 441 reciperandi
1699 389 1821 440 spes

50 449 329 505 abicienda
376 450 510 517 erat,
551 447 643 501 sed
691 446 1017 500 attendenda
1067 445 1294 499 maxime
1331 443 1588 499 Politiani
1628 461 1821 497 manus

47 526 122 593 ut,
162 522 288 593 quid
321 524 464 576 certo
497 523 683 590 posset
714 520 763 573 ei
795 519 1042 588 adtribui,
1082 521 1367 573 constaret.
1428 518 1825 586 descripserunt

48 600 226 651 autem
275 595 390 649 eius
439 596 597 648 notas
649 611 769 647 cum
822 597 983 647 antea
1032 593 1149 662 alii,
1206 594 1322 645 tum
1372 591 1429 644 in
1478 590 1549 643 M.
1599 590 1823 660 Hauptii

49 670 284 743 gratiam
314 669 378 723 A.
409 666 767 738 Kiesslingius
800 669 854 719 et
885 665 949 720 U.
974 665 1289 719 KoehleruS.
1340 682 1567 735 quorum
1601 664 1823 717 schedas

51 745 118 799 ab
157 742 398 813 Hauptio
440 744 686 811 acceptas
726 738 792 794 H.
831 739 1088 809 Nohlius‚
1129 739 1219 810 qui
1258 738 1321 790 de
1362 738 1438 791 eis
1478 738 1730 792 disseruit
1767 738 1823 791 in

50 817 423 872 dissertatione
461 814 766 884 inaugurali
815 813 1180 884 ‘quaestiones
1220 810 1527 865 Statianae'
1566 811 1824 881 inscripta

50 894 104 946 et
141 890 379 944 Berolini
418 907 463 942 a.
506 888 645 943 1871
689 888 901 956 emissa,
949 887 1077 941 olim
1123 885 1254 939 mihi
1303 884 1691 952 commodauit3
1737 884 1823 938 de·

19 965 276 1034 ¹scriptas
317 981 361 1017 a.
404 962 545 1016 1872
584 960 788 1015 Romae
819 978 1040 1014 uersans
1079 960 1272 1013 iterum
1311 958 1398 1012 hic
1446 958 1558 1011 illic
1605 958 1824 1011 contuli.

50 1038 342 1108 optandum
380 1039 563 1089 tamen
600 1038 662 1088 ut
698 1035 885 1088 doctus
925 1034 1116 1103 aliquis
1148 1031 1622 1086 Studemundianis
1657 1031 1824 1085 oculis

49 1111 320 1182 praeditus
369 1108 627 1163 Politiani
684 1112 843 1162 notas
893 1107 1066 1161 denuo
1117 1107 1398 1160 examinet.
1485 1105 1630 1159 ultro
1683 1106 1823 1158 enim

51 1185 187 1239 mihi
235 1183 479 1253 suspicio.
519 1182 713 1236 oborta
768 1184 872 1250 est,
927 1181 1027 1234 etsi
1081 1198 1228 1249 ram,
1274 1182 1457 1232 tamen
1505 1179 1824 1248 aliquotiens

50 1276 195 1312 nunc
236 1257 450 1327 quidem
481 1272 578 1325 pro
617 1254 983 1325 Sangallensis
1014 1253 1333 1307 lectionibus
1365 1251 1678 1321 accipienda
1710 1269 1825 1305 esse

53 1349 186 1404 quae
227 1330 446 1384 alterius
485 1329 628 1382 illius
667 1329 770 1381 uiri
809 1328 953 1381 docti
993 1332 1130 1381 sunt.

199 1403 337 1459 Eam
399 1405 578 1457 autem
639 1402 938 1455 Politianus
996 1402 1052 1454 in
1116 1400 1430 1454 excutiendo
1487 1398 1826 1470 Sangallensi

46 1478 297 1533 adhibuit
356 1476 693 1547 diligentiam
754 1479 815 1528 ut
880 1478 1125 1528 accurate
1186 1492 1282 1543 pro
1336 1474 1441 1525 illis
1495 1472 1825 1542 temporibus

53 1553 299 1606 enotaret
337 1550 629 1619 scripturae
669 1549 1096 1618 discrepantiam.
1167 1552 1220 1600 et
1258 1548 1571 1616 plerumque
1612 1546 1826 1615 quidem

52 1625 230 1679 uarias
268 1624 522 1677 lectiones
571 1623 657 1675 uel
703 1623 845 1675 inter
883 1623 1049 1675 lineas
1089 1622 1175 1674 uel
1213 1621 1270 1673 in
1302 1621 1544 1689 margine
1576 1619 1826 1673 editionis

53 1699 204 1752 nulla
250 1697 432 1751 addita
485 1696 622 1766 sigla
673 1696 975 1764 adscripsit,
1028 1695 1186 1763 idque
1233 1694 1308 1746 ibi
1355 1693 1694 1762 potissimum
1734 1693 1826 1745 ubi

57 1773 172 1827 sola
208 1771 342 1824 uitia
377 1769 767 1840 typographica
805 1770 891 1822 uel
935 1769 1151 1822 leuioris
1190 1767 1449 1820 momenti
1488 1767 1827 1819 diuersitates

56 1845 292 1900 aderant.
384 1861 774 1913 quamcumque
840 1845 1020 1895 autem
1080 1842 1365 1895 lectionem
1440 1840 1508 1893 ob
1589 1840 1825 1909 aliquam

57 1936 273 1972 causam
311 1916 712 1970 memorabilem
757 1915 989 1985 putauit,
1037 1916 1084 1969 ei
1132 1918 1317 1968 notam
1365 1913 1568 1967 addidit
1613 1914 1727 1966 siue
1773 1930 1827 1966 co

54 2009 155 2060 poy
209 1992 321 2044 siue
373 1999 397 2043 i
443 1990 503 2043 123⁰
557 2006 662 2058 1209
707 1990 819 2042 siue
857 1990 1023 2056 antiq⁰
1069 1990 1161 2042 cod
1209 1988 1320 2040 siue
1372 1988 1533 2040 aliam
1585 1987 1827 2040 similem.

57 2067 237 2135 itaque
288 2066 351 2117 ut
407 2063 636 2116 dilucide
692 2066 948 2131 appareat
1005 2062 1132 2132 quid
1188 2062 1377 2129 tacite,
1440 2060 1566 2130 quid
1617 2060 1827 2112 disertis

58 2138 235 2192 uerbis
277 2155 304 2190 e
330 2135 668 2206 Sangallensi
707 2138 984 2188 enotatum
1025 2136 1108 2203 sit,
1145 2132 1195 2187 A
1233 2135 1341 2203 illa,
1378 2134 1509 2186 haec
1539 2131 1623 2185 A*
1664 2133 1827 2202 signi-

58 2211 230 2265 ficaui.
319 2212 594 2279 praeterea
642 2208 940 2262 Politianus
992 2208 1240 2261 editionis
1291 2225 1500 2276 quoque
1551 2205 1829 2259 Romanae

61 2304 107 2338 a.
142 2283 283 2338 1475
323 2301 355 2335 a
386 2282 626 2335 Domitio
658 2280 942 2336 Calderino
983 2285 1195 2335 curatae
1234 2281 1378 2333 haud
1416 2298 1538 2333 raro
1578 2280 1829 2348 excripsit

58 2358 378 2411 uarietatem
414 2356 722 2426 praeposita
759 2359 890 2409 nota
919 2355 1030 2419 Do;
1072 2356 1194 2408 suas
1226 2355 1388 2406 etiam
1427 2353 1828 2406 emendationes

47 2430 329 2484 vinterdum
379 2429 663 2482 admiscuit
712 2429 960 2498 adposita
1018 2430 1155 2498 sigla
1208 2436 1263 2481 σθ.
1341 2427 1432 2480 sed
1485 2427 1828 2497 quantumuis

63 2504 347 2574 diligenter
402 2503 460 2555 in
515 2503 826 2555 uniuersum
882 2503 938 2555 in
991 2501 1329 2572 Sangallensi
1389 2500 1710 2553 conferendo
1761 2501 1831 2552 sit

62 2580 308 2631 uersatus
347 2574 447 2646 (ita
477 2579 538 2628 ut
566 2593 662 2628 nec
694 2576 948 2628 minutias
980 2574 1424 2644 orthographicas
1456 2574 1617 2642 plane
1650 2591 1829 2642 asper-

64 2648 321 2720 naretur),
359 2650 586 2701 multum
623 2652 806 2701 tamen
846 2649 997 2701 abest
1028 2653 1089 2701 ut
1127 2667 1190 2701 ea
1229 2666 1390 2717 quam
1428 2665 1570 2699 nunc
1609 2646 1830 2716 requiri-

64 2742 183 2776 mus
234 2723 569 2776 accuratione
619 2722 674 2774 id
723 2722 930 2775 fecerit:
991 2721 1285 2791 aequabilis
1334 2721 1429 2773 illa
1480 2720 1831 2788 omnibusque

64 2798 275 2850 intenta
305 2814 431 2849 cura
462 2795 800 2849 desideratur.
837 2814 966 2848 nam
996 2799 1058 2848 ut
1086 2795 1345 2848 nonnulla
1377 2795 1443 2846 ab
1475 2811 1538 2847 eo
1563 2794 1831 2861 adscripta

65 2871 173 2922 iam
219 2869 327 2939 legi
375 2871 665 2937 nequeant:
712 2869 910 2921 multae
963 2868 1209 2921 editionis
1256 2868 1512 2936 principis
1558 2867 1830 2934 lectioneS‚
