1956 3086
124 196 157 247 6
742 197 790 240 Ρ.
822 197 1050 242 PAPINII
1081 197 1280 242 STATII

122 316 336 385 longius
382 319 634 384 tractum,
684 316 945 385 quaedam
991 320 1045 368 et
1089 317 1145 369 in
1191 317 1417 386 singulis
1468 317 1653 370 diebus
1693 318 1881 387 effusa3
1942 323 1943 326 ’

122 407 447 458 quamquam
495 390 658 442 timeo
697 407 765 441 ne
804 407 990 441 uerum
1028 390 1166 442 istuc
1202 408 1387 442 uersus
1428 409 1639 459 quoque
1676 391 1779 459 ipsi
1818 391 1880 444 de

123 480 178 514 se
217 463 459 530 probent.
533 463 736 529 primus
775 462 984 515 libellus
1031 466 1430 515 sacrosanctum
1468 463 1632 516 habet
1669 466 1881 516 testem:
1940 480 1941 483 ’

124 536 437 587 sumendum
478 537 619 587 enim
659 538 775 587 erat
814 535 872 587 ea
908 535 1035 588 Ioue
1072 535 1434 604 principium'.
1511 540 1744 588 ceterum
1782 537 1881 590 hos

120 626 329 676 uerSUS,
385 627 516 677 quos
562 609 620 660 in
676 626 868 677 equum
915 609 1204 661 maximum
1250 609 1373 677 feci,
1417 609 1881 678 indulgentissimo

119 682 428 750 imperatori
482 685 696 750 postero
750 682 834 734 die
888 700 1047 750 quam
1099 682 1435 734 dedicauerat
1489 701 1620 750 opus
1673 683 1909 735 tradere

119 756 296 807 iussus
330 774 462 807 sum.
527 755 775 823 ‘potuisti
806 754 965 807 illud'
998 755 1136 808 dicet
1168 756 1359 825 aliquis
1393 755 1472 807 ‘et
1495 759 1620 807 ante
1644 755 1882 809 uidisse'.

119 828 467 896 respondebis
519 829 598 880 illi
651 831 732 896 tu,
788 826 954 880 Stella
1007 829 1302 897 carissime,
1356 828 1447 898 qui
1500 829 1883 897 epithalamion
1935 851 1938 889 ,2

120 906 286 970 tuum,
318 902 460 971 quod
483 901 617 953 mihi
639 902 961 969 iniunxeraS,
993 902 1094 953 scis
1119 901 1281 954 biduo
1307 902 1579 970 scriptum.
1633 903 1884 955 audacter

119 977 434 1043 mehercles3
475 975 566 1027 sed
596 978 779 1027 tamen
808 977 1017 1026 tantum
1049 992 1154 1027 non
1183 974 1312 1028 000
1337 975 1673 1028 hexametros
1704 976 1883 1028 habet.
1935 999 1937 1004 ·

120 1053 178 1101 at
213 1049 441 1102 fortasse
481 1052 540 1099 tu
578 1066 675 1116 pro
716 1049 920 1117 collega.
958 1049 1246 1100 mentieris,
1314 1047 1568 1100 Manilius
1609 1052 1750 1101 certe
1774 1047 1882 1102 Uo—

118 1123 312 1191 piscus,
349 1122 432 1174 uir
470 1122 857 1173 eruditissimus
897 1123 951 1172 et
989 1121 1077 1188 qui
1108 1121 1390 1189 praecipue
1427 1121 1667 1174 uindicat
1705 1140 1736 1174 a
1776 1122 1880 1175 situ

119 1197 323 1248 litteras
369 1195 478 1247 iam
523 1212 692 1263 paene
729 1194 1012 1264 fugienteS,
1052 1195 1190 1246 solet
1225 1195 1367 1246 ultro
1407 1212 1617 1263 quoque
1663 1196 1881 1248 nomine
1932 1244 1933 1263 1

118 1287 237 1322 meo
300 1269 541 1338 gloriari,
609 1268 795 1320 uillam
856 1267 1196 1320 Tiburtinam
1259 1286 1409 1320 suam
1471 1268 1790 1337 descriptam
1850 1287 1883 1321 a
1932 1278 1933 1341 ζ

118 1343 275 1395 nobis
314 1360 421 1394 uno
462 1341 560 1393 die.
638 1341 876 1410 sequitur
914 1341 1122 1393 libellus
1160 1340 1362 1393 Rutilio
1388 1340 1594 1394 Gallico
1634 1342 1890 1402 conualee

120 1416 288 1468 scenti
338 1415 630 1481 dedicatus,
678 1415 742 1466 de
788 1433 893 1483 quo
939 1414 1074 1466 nihil
1120 1413 1260 1482 dico,
1305 1431 1372 1466 ne
1417 1414 1600 1466 uidear
1646 1415 1893 1471 defuncti,
1930 1470 1932 1485 y

118 1489 270 1541 testis
303 1488 582 1542 occasione
620 1488 852 1540 mentiri.
911 1505 1035 1538 nam
1061 1485 1249 1539 Claudi
1271 1487 1486 1540 Etrusci
1511 1488 1880 1541 testimonium

48 1626 52 1627 ⁷
119 1565 221 1630 est,
272 1562 363 1631 qui
408 1561 713 1612 balneolum
762 1578 794 1612 a
838 1577 922 1611 me
971 1578 1124 1612 suum
1169 1561 1314 1612 intra
1359 1579 1564 1614 moram
1604 1579 1764 1614 cenae
1802 1579 1879 1614 re·
1928 1572 1930 1617 ξ

119 1636 273 1704 cepit.
350 1635 407 1686 in
452 1634 556 1685 fine
605 1637 731 1686 sunt
775 1632 1047 1685 Kalendae
1085 1632 1418 1702 Decembres,
1468 1635 1660 1704 quibus
1700 1635 1884 1705 utique.
1927 1643 1929 1698 ἦ

120 1708 374 1760 creditur:
413 1710 625 1759 noctem
666 1707 806 1759 enim
845 1707 993 1758 illam
1030 1706 1392 1760 felicissimam
1432 1710 1486 1760 et
1512 1708 1892 1778 uoluptatibus·
1927 1727 1928 1731 ¹

118 1783 346 1850 publicis
384 1782 714 1848 inexpertam
753 1780 1011 1832 celebrant.
1049 1780 1179 1856 uqle.
1926 1790 1927 1798 ¹

979 1955 1019 2008 I.

499 2047 655 2125 Eous
686 2070 968 2115 MAXIMUS
1001 2070 1327 2116 DOMITIANI
1356 2070 1480 2117 IMP.

119 2163 266 2225 Quae
306 2162 715 2231 superimposito
754 2162 921 2213 moles
961 2162 1233 2231 geminata
1270 2163 1477 2215 colosso

121 2236 241 2289 Stat
276 2235 488 2288 Latium
529 2236 802 2303 complexa
839 2235 1051 2287 forum?
1090 2235 1306 2288 caelone
1344 2237 1620 2304 peractum

236 2486 293 2525 20
326 2494 608 2536 quamquam
645 2479 788 2524 timeo
825 2480 1010 2535 scripsi:
1050 2493 1191 2535 quam
1220 2478 1363 2524 timeo
1394 2483 1433 2523 A
1463 2480 1676 2536 quamuis
1706 2481 1875 2526 mimeo

119 2545 147 2582 c
170 2542 186 2596 Η
209 2545 264 2583 25
296 2540 445 2583 iussus
478 2554 578 2582 sum
611 2542 639 2582 ς
651 2557 661 2582 z
693 2538 869 2581 iussum
902 2543 930 2579 G
961 2553 988 2580 a
1010 2539 1026 2594 ss
1049 2543 1105 2582 28
1131 2538 1211 2582 sed
1232 2539 1416 2582 tantum
1439 2541 1596 2583 tamen
1620 2542 1876 2584 exametros

119 2604 147 2640 c
179 2614 219 2654 a,
252 2599 428 2642 correxi
460 2633 470 2643 .
503 2598 583 2641 sed
621 2598 775 2641 tamen
816 2596 1101 2641 CCLXXVII
1135 2597 1235 2640 hex.
1275 2596 1408 2641 Dom.
1446 2598 1463 2653 ΙΙ
1503 2602 1557 2641 29
1592 2600 1642 2641 at
1670 2598 1895 2650 Rerum-5

118 2658 232 2700 tius:
265 2658 312 2700 et
342 2662 414 2698 ca
440 2660 445 2709 Ι
473 2656 672 2700 Manlius
704 2661 788 2710 Ga,
821 2668 933 2699 corr.
968 2655 1351 2699 Friedlaenderus
1371 2656 1388 2712 ss
1410 2660 1466 2699 33
1499 2656 1677 2700 Gallico
1710 2670 1876 2701 conua-

118 2716 310 2759 lescenti
340 2715 584 2758 Heinsius.-
624 2714 802 2759 Gallico
835 2716 906 2757 est
935 2713 1113 2757 ualenti
1144 2718 1172 2755 c
1203 2713 1381 2758 Gallico
1411 2713 1589 2757 ualenti
1621 2730 1648 2756 a
1669 2716 1685 2770 ΙΙ
1715 2720 1772 2759 39
1804 2728 1876 2759 ce·
1913 2731 1915 2764 ς

122 2774 312 2818 lebrant.
331 2774 435 2817 uale
458 2774 638 2817 addidi:
658 2786 738 2816 om.
759 2778 787 2814 c
803 2787 850 2828 ας
870 2773 1006 2828 uulyo
1023 2772 1197 2816 habent
1213 2773 1402 2816 additur
1410 2776 1516 2827 post
1533 2772 1846 2817 felicissimam
1892 2821 1894 2826 ,

236 2833 268 2876 Ι.
301 2831 456 2884 EQUs
489 2835 545 2874 A:
586 2831 742 2886 Equus
775 2836 802 2873 c
837 2834 843 2884 Ι
877 2831 997 2873 ΙΜΡ.
1029 2834 1087 2874 A:
1118 2830 1410 2886 imperatoris
1441 2835 1470 2872 c
1506 2831 1523 2887 ΙΙ
1563 2836 1584 2874 1
1626 2846 1761 2888 super
1789 2831 1903 2875 ini-‘-
1933 2881 1936 2885 ¹

116 2890 269 2947 posito
302 2895 329 2931 c
347 2906 374 2932 a
401 2893 405 2944 Ι
433 2890 667 2947 geminata
695 2904 742 2933 a:
775 2890 1010 2945 gemmata
1038 2892 1077 2931 A
1107 2893 1136 2930 c
1879 2865 1934 3086 l·
