1988 3106
54 135 65 198 g,
662 136 973 183 SILUARUM
1004 139 1055 184 L.
1088 139 1144 195 v,
1176 143 1216 184 3.
1719 141 1820 194 151

108 273 137 309 e
175 255 288 310 sine
327 259 382 310 et
419 256 639 310 orbatae
679 257 917 326 caligant
955 258 1075 311 uela
1113 259 1341 312 carinae.

32 348 33 353 ¹
114 346 173 383 ec
211 329 383 383 solum
420 329 574 400 larga
611 332 809 383 memet
845 330 1044 399 pietate
1083 330 1329 385 fouebas:

55 396 204 455 'Talis
244 404 298 456 et
334 403 392 455 in
429 402 714 458 thalamos.
789 421 896 456 una
933 404 1033 457 tibi
1074 405 1292 474 cognita
1327 405 1487 459 taeda
1739 420 1823 461 240

58 472 319 540 Conubia,
357 494 493 530 unus
533 494 697 530 amor.
774 480 916 530 certe
956 477 1232 547 seiungere
1272 482 1499 532 matrem

60 545 176 603 Iam
214 548 404 620 gelidis
442 567 647 620 nequeo
678 550 875 618 bustis3
911 553 965 603 te
998 552 1161 603 sentit
1190 551 1473 621 habetque,

61 619 138 690 Te
174 621 320 675 uidet
356 625 412 676 et
446 623 682 676 tumulos
722 626 945 693 ortuque
986 624 1240 694 obituque
1280 626 1495 694 salutat,

40 688 138 759 Ut
166 693 391 749 Pharios
430 696 564 750 aliae
603 696 729 749 ficta
766 697 967 766 pietate
1007 697 1218 750 dolores

61 764 490 839 Mygdoniosque
530 770 714 824 colunt
751 773 806 823 et
842 788 952 823 non
992 789 1089 823 sua
1127 771 1316 824 funera
1353 772 1585 841 plorant.
1737 786 1823 827 245

62 837 202 906 Quid
238 841 465 896 referam
503 843 774 912 expositos
815 846 1028 897 seruato
1067 844 1299 913 pondere
1338 846 1553 899 mores?

62 907 207 978 Quae
244 915 431 985 pietas,
470 934 631 986 quam
669 916 774 969 uile
813 917 1033 986 lucrum,
1073 935 1205 986 quae
1238 936 1365 971 cura
1402 919 1637 988 pudoriS,

62 985 306 1052 Quantus
346 1006 496 1043 amor
533 989 702 1043 recti?
738 1008 1042 1060 rursusque,
1080 991 1173 1043 ubi
1212 990 1364 1045 dulce
1403 992 1618 1059 remitti,

39 1057 247 1136 'Gratia
285 1079 420 1132 quae
459 1061 655 1118 dictis?
694 1064 872 1116 animo
912 1081 1073 1134 quam
1111 1064 1261 1116 nulla
1300 1066 1582 1119 senectus?

36 1129 163 1188 11Ἠίι
200 1134 302 1188 tibi
339 1153 438 1204 pro
476 1135 681 1193 meritis
719 1137 922 1189 famam
959 1137 1247 1207 laudesque
1287 1138 1549 1208 benignas
1739 1154 1823 1193 250

3 1227 6 1246 ¹
62 1204 226 1267 Iudex
263 1225 390 1261 cura
428 1208 585 1262 deum
622 1210 875 1279 nulloque
914 1228 942 1263 e
980 1211 1200 1263 uulnere
1237 1212 1419 1264 tristes

63 1276 353 1336 Gonoessit.
427 1282 646 1352 raperis,
685 1284 910 1352 genitor,
949 1301 1059 1336 non
1098 1283 1312 1354 indigus
1352 1285 1487 1353 aeui,

61 1350 187 1408 Non
220 1354 432 1425 nimiuS,
469 1355 729 1425 trinisque
768 1356 949 1409 decem
988 1357 1354 1427 quinquennia
1391 1359 1572 1411 lustris

63 1425 249 1480 Iuncta
285 1427 476 1483 ferens.
552 1429 645 1482 sed
682 1447 766 1482 me
804 1429 979 1498 pietas
1017 1448 1297 1483 numerare
1338 1431 1592 1501 dolorque

62 1497 188 1554 Non
226 1500 366 1570 sinit,
404 1518 435 1554 o
474 1500 657 1571 Pylias
697 1503 815 1555 aeui
855 1504 1230 1556 transcendere
1269 1507 1439 1557 metas
1740 1519 1826 1560 255

61 1569 137 1626 Et
171 1571 403 1628 Teucros
443 1591 669 1645 aequare
710 1594 875 1641 senes,
916 1595 947 1630 o
980 1576 1140 1646 digne
1178 1577 1357 1630 uidere

62 1644 150 1698 Me
188 1646 435 1700 similem!
476 1648 569 1701 sed
606 1666 704 1702 nec
742 1650 838 1703 leti
875 1650 978 1702 tibi
1015 1650 1179 1703 ianua
1215 1651 1387 1703 tristis

34 1715 292 1789 ;(Quippe
320 1721 466 1774 leues
504 1721 734 1794 causae),
770 1741 868 1776 nec
899 1724 1080 1793 segnis
1117 1723 1242 1776 tabe
1282 1724 1436 1776 senili

36 1790 255 1846 ¹Exitus
292 1793 517 1847 instanti
552 1796 830 1864 praemisit
867 1797 1107 1850 membra
1146 1798 1403 1866 sepulcre,

66 1863 170 1917 Sed
205 1868 261 1918 te
298 1868 485 1934 torpor
521 1867 665 1922 iners
704 1873 758 1922 et
795 1887 940 1923 mors
978 1871 1190 1923 imitata
1229 1871 1460 1939 quietem
1740 1886 1826 1926 260

64 1936 338 2006 Explicuit
373 1939 616 2010 falsoque
652 1941 779 1994 tulit
817 1943 916 1996 sub
955 1943 1182 1996 Tartara
1221 1962 1423 1997 somno.

66 2009 211 2073 Quos
249 2027 348 2080 ego
385 2014 516 2065 tune
546 2013 812 2083 gemitus?
851 2017 1104 2068 comitum
1143 2034 1334 2069 manus
1373 2017 1531 2069 anxia
1569 2017 1717 2082 uidit,

64 2082 218 2136 Uidit
254 2086 308 2135 et
345 2086 644 2154 exemplum
683 2088 938 2156 genetrix·
963 2089 1253 2158 gauisaque
1291 2090 1462 2158 nouit,

66 2155 214 2218 Quae
250 2157 487 2211 lamenta
522 2159 639 2212 tuli.
713 2161 926 2213 ueniam
964 2162 1251 2230 concedite,
1289 2180 1488 2231 maneS,

65 2228 169 2283 Fas
209 2229 420 2300 dixisse,
456 2235 629 2300 pater:
667 2249 776 2286 non
813 2235 874 2286 tu
913 2234 1045 2287 mihi
1082 2235 1237 2303 plura
1277 2235 1527 2289 dedisses,
1738 2250 1824 2291 265

211 2523 294 2564 241
334 2519 579 2577 seiungere
609 2521 766 2566 Dom:
805 2521 1036 2580 siiungere
1082 2523 1153 2566 A*
1195 2528 1223 2565 0
1269 2526 1285 2581 ΙΙ
1332 2529 1415 2568 242
1455 2527 1503 2571 te
1543 2527 1666 2572 edet:
1711 2530 1759 2572 et
1797 2533 1826 2571 0

65 2589 94 2618 a
112 2577 130 2635 u
151 2581 234 2622 251
266 2577 410 2624 Iudex
437 2583 539 2623 Ac:
575 2579 718 2624 Index
749 2583 779 2625 ς
810 2580 991 2626 Uindex
1022 2583 1119 2626 edd.
1148 2585 1155 2639 Ι
1181 2583 1366 2627 tristem
1398 2588 1483 2639 Ga,
1516 2598 1629 2629 corr.
1650 2586 1823 2631 Markl.

65 2635 194 2736 υ253
231 2635 398 2683 nimius
434 2637 624 2694 trinisq3
662 2642 720 2682 A:
760 2639 912 2684 minus
952 2641 1144 2697 crinisq3
1185 2645 1213 2682 0
1259 2643 1275 2697 ss
1320 2646 1405 2686 258
1437 2644 1592 2687 malim
1624 2644 1825 2702 (Quippe

83 2705 164 2738 ues
201 2707 340 2740 causa
377 2697 464 2753 est)
499 2698 505 2751 ς
534 2697 686 2754 segnis
717 2701 774 2741 A:
808 2712 970 2756 segnes
1002 2703 1031 2741 0
1060 2702 1064 2755 Ι
1091 2700 1200 2743 tabe
1234 2699 1519 2745 Gronouius:
1554 2702 1660 2746 labe
1693 2707 1721 2744 0
1753 2718 1780 2746 a
1811 2703 1825 2758 {l

65 2754 150 2802 259
187 2753 426 2809 praemisit
463 2758 501 2798 A
539 2759 589 2799 c:
630 2755 841 2812 permisit
877 2772 905 2800 a
947 2757 1162 2814 promisit
1201 2758 1464 2803 Gronouius
1508 2762 1524 2816 ΙΙ
1570 2766 1655 2805 263
1695 2753 1826 2806 nouit

65 2807 219 2855 Dvm.:
247 2811 378 2856 uouit
406 2812 470 2855 A*
500 2817 529 2856 0
