2020 3106
292 179 327 231 2
874 178 921 222 P.
955 178 1182 223 PAPINII
1212 178 1405 223 STATlI

292 301 470 369 Atque
512 300 643 352 adeo
682 300 791 351 iam
829 317 970 352 nunc
1010 299 1245 369 gemitus
1278 302 1332 352 et
1368 317 1628 368 prospera
1668 298 1858 353 Cadmi
1926 314 1980 353 15

292 373 643 426 Praeteriisse
685 373 879 425 sinam:
921 373 1090 426 limen
1127 373 1265 425 mihi
1304 373 1557 426 carminis
1599 376 1713 426 esto

294 446 600 515 Oedipodae
641 446 867 500 confusa
905 446 1119 500 domus!
1160 445 1383 508 Quando
1422 446 1564 500 Itala
1600 447 1841 500 nondum

294 520 461 590 Signa
499 539 598 574 nec
636 519 868 573 Arctoos
909 521 1082 573 ausim
1123 521 1326 589 spirare
1363 520 1670 590 triumphos

289 594 490 664 Bisque
546 595 675 663 iugo
722 593 995 662 Rhenum,
1048 594 1132 647 bis
1183 594 1432 647 adactum
1477 594 1686 664 legibus
1733 594 1981 648 Histrum

288 668 363 721 Et
403 668 684 721 coniurato
726 668 961 720 deiectos
1001 668 1197 720 vertice
1236 668 1415 721 Dacos
1923 682 1980 722 2ο

289 743 402 795 Aut
441 742 659 794 defensa
697 741 848 810 prius
888 742 979 795 vix
1017 741 1432 810 pubescentibus
1473 743 1629 794 annis

288 814 447 868 Bella
485 815 647 869 Iovis.
723 815 931 885 Tuque,
972 833 1003 868 o
1042 814 1230 868 Latiae
1269 815 1429 868 decus
1470 815 1650 869 addite
1689 816 1888 885 famae,

290 889 462 952 Quem
500 907 642 942 nova
681 892 893 943 mature
934 889 1253 942 subeuntem
1292 907 1484 943 exorsa
1522 891 1762 958 parentis

288 965 586 1016 Aeternum
627 964 731 1016 sibi
769 963 944 1016 Roma
984 963 1132 1032 cupit
1171 961 1325 1032 (licet
1364 963 1530 1016 artior
1570 982 1754 1016 omnes

288 1036 468 1091 Limes
510 1041 640 1107 agat
680 1037 864 1090 stellas
906 1039 960 1089 et
998 1040 1052 1089 te
1092 1037 1258 1105 plaga
1296 1036 1475 1090 lucida
1514 1037 1675 1106 caeli,
1922 1051 1978 1090 ‘25

286 1110 564 1164 Pleiadum
602 1111 916 1180 Boreaeque
957 1114 1011 1163 et
1050 1110 1218 1164 hiulci
1257 1111 1502 1163 fulminis
1543 1129 1730 1180 expers
1742 1153 1756 1180 ,

287 1183 579 1254 Sollicitet,
618 1185 747 1237 licet
784 1183 1098 1254 ignipedum
1135 1183 1377 1238 frenator
1416 1203 1673 1254 equorum

283 1258 408 1327 Ipse
446 1259 556 1312 tuis
597 1259 703 1311 alte
743 1259 1046 1311 radiantem
1086 1258 1325 1311 crinibus
1365 1276 1547 1312 arcum

283 1332 594 1402 Imprimat‚
634 1335 728 1385 aut
766 1333 951 1401 magni
992 1332 1148 1386 cedat
1186 1333 1290 1385 tibi
1327 1332 1571 1402 Iuppiter
1609 1350 1780 1402 aequa

284 1406 446 1460 Parte
486 1403 642 1477 poli),
681 1424 902 1459 maneas
941 1406 1221 1459 hominum
1263 1410 1548 1459 contentus
1579 1406 1829 1476 habeniS‚
1919 1421 1975 1460 30
2013 1426 2020 1452 ι·

283 1480 566 1534 Undarum
603 1484 887 1549 terraeque
925 1483 1143 1549 potem,
1182 1484 1237 1533 et
1276 1480 1452 1534 sidera
1491 1480 1672 1533 dones.

283 1554 516 1623 Tempus
558 1555 680 1619 erit,
721 1572 843 1607 cum
881 1554 1061 1607 Pierio
1100 1557 1196 1607 tua
1233 1554 1428 1607 fortior
1467 1557 1648 1607 oestro

281 1627 451 1681 Facta
492 1646 704 1681 canam:
742 1646 884 1681 nunc
922 1628 1084 1681 tendo
1125 1628 1318 1696 chelyn
1359 1628 1492 1680 satis
1533 1647 1684 1681 arma
1723 1627 1921 1681 referre

279 1701 462 1755 Aonia
501 1705 556 1754 et
596 1702 824 1771 geminis
866 1705 1137 1770 sceptrum
1177 1701 1397 1754 exitiale
1435 1702 1683 1771 tyrannis

278 1775 395 1829 Nec
433 1775 588 1828 furiis
627 1779 754 1845 post
791 1775 908 1828 fata
946 1774 1167 1828 modum
1206 1775 1558 1844 flammasque
1596 1776 1824 1829 rebelles
1916 1789 1971 1829 35

280 1848 553 1902 Seditione
592 1850 714 1919 rogi
751 1849 1084 1918 tumulisque
1125 1850 1363 1903 carentia
1402 1866 1590 1918 regum

279 1923 492 1976 Funera
533 1926 587 1976 et
626 1926 840 1992 egestas
882 1923 1103 1976 alternis
1143 1923 1408 1976 mortibus
1449 1924 1631 1992 urbeS‚

283 1995 514 2050 Caerula
555 2015 675 2050 cum
714 1997 900 2050 rubuit
936 1995 1179 2050 Lernaeo
1219 1998 1484 2067 sanguine
1522 1997 1682 2051 Dirce

397 2148 452 2188 28
480 2157 544 2199 sq.
584 2143 715 2200 ‘Ipse
739 2170 795 2175 —
820 2142 1086 2199 imprimat’
1121 2142 1400 2200 Mythogr.
1431 2141 1616 2187 Vatic.
1650 2143 1714 2186 III
1754 2147 1802 2198 8,
1839 2149 1893 2188 10
1923 2158 1968 2200 p.

279 2207 365 2247 205
397 2202 449 2245 Β.
484 2229 539 2235 -
574 2207 629 2246 36
656 2216 723 2258 sq.
759 2202 1069 2258 ‘tumulisque
1094 2229 1149 2234 —
1174 2201 1364 2246 funera'
1401 2201 1578 2246 schol.
1609 2201 1754 2247 Theb.
1786 2202 1850 2247 IV
1884 2208 1966 2247 641

277 2276 322 2317 p.
374 2265 455 2305 151
501 2262 553 2305 L.
587 2287 642 2294 -
676 2266 747 2307 38.
785 2261 993 2305 ‘caerula
1026 2288 1081 2295 —
1112 2260 1268 2306 Dirce’
1310 2260 1498 2306 Acron
1538 2260 1599 2304 ad
1631 2261 1793 2307 Horat.
1828 2275 1966 2306 carm.

275 2320 341 2365 IV
373 2326 415 2377 2,
447 2324 516 2364 25.

395 2458 450 2496 16
482 2451 619 2496 limes
653 2454 794 2508 codd„
830 2467 943 2498 corr.
976 2455 1287 2500 Baehrensius
1308 2455 1324 2511 ΙΙ
1349 2459 1405 2500 18
1439 2455 1615 2512 spirare
1645 2454 1708 2498 N.
1742 2454 1968 2499 Heinsius

275 2525 460 2568 sperare
501 2515 629 2554 PBH
668 2513 683 2568 ΙΙ
722 2517 777 2556 21
819 2512 902 2571 viss
934 2518 967 2556 P
1004 2515 1020 2570 ss
1058 2519 1113 2558 22
1161 2513 1359 2570 Templa
1397 2514 1586 2559 Grotius
1629 2516 1635 2571 Ι
1678 2513 1778 2558 Iovi
1815 2513 1966 2558 Lach-

271 2629 471 2660 mannus
506 2616 511 2671 Ι
547 2602 692 2672 'ogque
722 2620 754 2658 P
779 2572 936 2673 iiiique
970 2621 997 2662 S
1027 2617 1172 2673 tuque
1203 2621 1312 2673 BM3
1342 2619 1489 2673 tuque
1519 2617 1573 2660 ut
1602 2616 1929 2661 Lachmannus
1951 2616 1967 2674 ξΙ

272 2722 328 2762 23
374 2718 548 2762 maturi
595 2721 745 2775 codd.‚
794 2733 907 2764 corr.
950 2719 1284 2766 Lachmannus
1306 2723 1322 2778 ΙΙ
1352 2726 1410 2766 24
1447 2688 1659 2780 ‘fffiggsP
1704 2721 1720 2776 ΙΙ
1764 2724 1820 2764 28
1867 2720 1963 2763 late

271 2777 553 2823 Schraderns
575 2780 590 2835 ΙΙ
615 2784 670 2824 29
710 2793 765 2823 ac
803 2778 966 2835 magni
1003 2780 1313 2826 Baehrensius
1335 2782 1350 2837 ΙΙ
1375 2786 1430 2825 32
1469 2780 1619 2839 pierio
1654 2781 1897 2836 (suprascr.
1931 2778 1960 2822 1.

269 2835 521 2895 laurigero)
563 2843 596 2880 P
631 2838 751 2883 Gozb.
788 2838 913 2883 Ραῐ.1
943 2839 1076 2884 schol.
1109 2838 1345 2897 laurigero
1382 2844 1471 2883 Bu
1518 2841 1533 2897 ΙΙ
1581 2845 1636 2884 33
1676 2839 1808 2882 tento
1849 2838 1962 2883 Gro-

269 2897 432 2941 novius
467 2900 472 2951 Ι
507 2896 662 2941 caelin
692 2902 724 2939 P
758 2899 766 2954 l
800 2898 1208 2954 interpunctionem
1239 2908 1353 2945 corr.
1385 2900 1623 2945 Bentleins
