<?xml version="1.0" encoding="UTF-8"?>
<!DOCTYPE html PUBLIC "-//W3C//DTD XHTML 1.0 Transitional//EN"
    "http://www.w3.org/TR/xhtml1/DTD/xhtml1-transitional.dtd">
<html xmlns="http://www.w3.org/1999/xhtml" xml:lang="en" lang="en">
 <head>
  <title>
</title>
<meta http-equiv="Content-Type" content="text/html;charset=utf-8" />
  <meta name='ocr-system' content='tesseract 3.04.00' />
  <meta name='ocr-capabilities' content='ocr_page ocr_carea ocr_par ocr_line ocrx_word'/>
</head>
<body>
  <div class='ocr_page' id='page_1' title='image "./operapapinius12statuoft_0550.png"; bbox 0 0 1976 3126; ppageno 0'>
   <div class='ocr_carea' id='block_1_1' title="bbox 169 150 1281 207">
    <p class='ocr_par' dir='ltr' id='par_1_1' title="bbox 169 150 1281 207">
     <span class='ocr_line' id='line_1_1' title="bbox 169 150 1281 207; baseline -0.01 0"><span class='ocrx_word' id='word_1_1' title='bbox 169 154 282 207; x_wconf 87' lang='grc'>280</span> <span class='ocrx_word' id='word_1_2' title='bbox 745 154 795 198; x_wconf 87' lang='grc' dir='ltr'>Ρ.</span> <span class='ocrx_word' id='word_1_3' title='bbox 827 151 1056 196; x_wconf 84' lang='lat' dir='ltr'>PAPINII</span> <span class='ocrx_word' id='word_1_4' title='bbox 1088 150 1281 196; x_wconf 77' lang='lat' dir='ltr'>STATII</span> 
     </span>
    </p>
   </div>
   <div class='ocr_carea' id='block_1_2' title="bbox 165 273 1859 788">
    <p class='ocr_par' dir='ltr' id='par_1_2' title="bbox 165 273 1859 639">
     <span class='ocr_line' id='line_1_2' title="bbox 165 273 1859 343; baseline 0.001 -15"><span class='ocrx_word' id='word_1_5' title='bbox 165 275 423 328; x_wconf 90' lang='lat' dir='ltr'>Forsitan</span> <span class='ocrx_word' id='word_1_6' title='bbox 462 278 516 326; x_wconf 93' lang='lat' dir='ltr'>et</span> <span class='ocrx_word' id='word_1_7' title='bbox 553 275 710 327; x_wconf 88' lang='lat' dir='ltr'>nobis</span> <span class='ocrx_word' id='word_1_8' title='bbox 751 273 911 326; x_wconf 92' lang='lat' dir='ltr'>modo</span> <span class='ocrx_word' id='word_1_9' title='bbox 951 291 1086 342; x_wconf 89' lang='lat' dir='ltr'>quae</span> <span class='ocrx_word' id='word_1_10' title='bbox 1125 273 1329 343; x_wconf 85' lang='lat' dir='ltr'>favere,</span> <span class='ocrx_word' id='word_1_11' title='bbox 1366 274 1657 328; x_wconf 70' lang='lat' dir='ltr'>recedunt.³</span> <span class='ocrx_word' id='word_1_12' title='bbox 1773 289 1859 329; x_wconf 86' lang='lat'>335</span> 
     </span>
     <span class='ocr_line' id='line_1_3' title="bbox 170 347 1597 418; baseline 0.001 -17"><span class='ocrx_word' id='word_1_13' title='bbox 170 348 384 418; x_wconf 90' lang='lat' dir='ltr'>Paruit,</span> <span class='ocrx_word' id='word_1_14' title='bbox 425 352 479 401; x_wconf 91' lang='lat' dir='ltr'>et</span> <span class='ocrx_word' id='word_1_15' title='bbox 518 348 762 400; x_wconf 89' lang='lat' dir='ltr'>madidas</span> <span class='ocrx_word' id='word_1_16' title='bbox 802 347 1002 400; x_wconf 88' lang='lat' dir='ltr'>tollens</span> <span class='ocrx_word' id='word_1_17' title='bbox 1043 347 1110 400; x_wconf 87' lang='lat' dir='ltr'>ad</span> <span class='ocrx_word' id='word_1_18' title='bbox 1150 348 1327 400; x_wconf 87' lang='lat' dir='ltr'>sidera</span> <span class='ocrx_word' id='word_1_19' title='bbox 1364 349 1597 418; x_wconf 89' lang='lat' dir='ltr'>palmas:</span> 
     </span>
     <span class='ocr_line' id='line_1_4' title="bbox 174 422 1855 490; baseline 0 -14"><span class='ocrx_word' id='word_1_20' title='bbox 174 422 439 490; x_wconf 73' lang='lat' dir='ltr'>‘Phoebe,</span> <span class='ocrx_word' id='word_1_21' title='bbox 479 422 583 474; x_wconf 90' lang='lat' dir='ltr'>tibi</span> <span class='ocrx_word' id='word_1_22' title='bbox 624 422 844 474; x_wconf 89' lang='lat' dir='ltr'>exuvias</span> <span class='ocrx_word' id='word_1_23' title='bbox 885 424 1219 475; x_wconf 71' lang='lat' dir='ltr'>monstratae</span> <span class='ocrx_word' id='word_1_24' title='bbox 1258 424 1499 490; x_wconf 85' lang='lat' dir='ltr'>praemia</span> <span class='ocrx_word' id='word_1_25' title='bbox 1536 425 1711 476; x_wconf 88' lang='lat' dir='ltr'>noctis</span> <span class='ocrx_word' id='word_1_26' title='bbox 1854 484 1855 488; x_wconf 10' lang='grc' dir='ltr'><strong>Ἰ</strong></span> 
     </span>
     <span class='ocr_line' id='line_1_5' title="bbox 170 495 1850 569; baseline 0.001 -19"><span class='ocrx_word' id='word_1_27' title='bbox 170 496 427 550; x_wconf 89' lang='lat' dir='ltr'>Nondum</span> <span class='ocrx_word' id='word_1_28' title='bbox 460 496 678 549; x_wconf 91' lang='lat' dir='ltr'>ablutus</span> <span class='ocrx_word' id='word_1_29' title='bbox 713 497 866 565; x_wconf 91' lang='lat' dir='ltr'>aquis</span> <span class='ocrx_word' id='word_1_30' title='bbox 900 495 1026 565; x_wconf 89' lang='lat' dir='ltr'>(tibi</span> <span class='ocrx_word' id='word_1_31' title='bbox 1052 496 1195 548; x_wconf 91' lang='lat' dir='ltr'>enim</span> <span class='ocrx_word' id='word_1_32' title='bbox 1219 496 1352 549; x_wconf 88' lang='lat' dir='ltr'>haec</span> <span class='ocrx_word' id='word_1_33' title='bbox 1377 515 1478 567; x_wconf 86' lang='lat' dir='ltr'>ego</span> <span class='ocrx_word' id='word_1_34' title='bbox 1504 515 1656 550; x_wconf 88' lang='lat' dir='ltr'>sacra</span> <span class='ocrx_word' id='word_1_35' title='bbox 1680 498 1850 569; x_wconf 72' lang='lat' dir='ltr'>litavi)</span> 
     </span>
     <span class='ocr_line' id='line_1_6' title="bbox 171 569 1626 639; baseline 0.001 -16"><span class='ocrx_word' id='word_1_36' title='bbox 171 570 346 623; x_wconf 90' lang='lat' dir='ltr'>Trado</span> <span class='ocrx_word' id='word_1_37' title='bbox 386 570 532 623; x_wconf 88' lang='lat' dir='ltr'>ferus</span> <span class='ocrx_word' id='word_1_38' title='bbox 573 570 730 623; x_wconf 89' lang='lat' dir='ltr'>miles</span> <span class='ocrx_word' id='word_1_39' title='bbox 770 569 1039 638; x_wconf 90' lang='lat' dir='ltr'>tripodum</span> <span class='ocrx_word' id='word_1_40' title='bbox 1079 570 1322 639; x_wconf 91' lang='lat' dir='ltr'>fidusque</span> <span class='ocrx_word' id='word_1_41' title='bbox 1363 571 1626 625; x_wconf 70' lang='lat' dir='ltr'>sacerdos</span> 
     </span>
    </p>

    <p class='ocr_par' dir='ltr' id='par_1_3' title="bbox 170 643 1851 788">
     <span class='ocr_line' id='line_1_7' title="bbox 173 643 1851 715; baseline 0.002 -19"><span class='ocrx_word' id='word_1_42' title='bbox 173 643 228 697; x_wconf 82' lang='lat' dir='ltr'>Si</span> <span class='ocrx_word' id='word_1_43' title='bbox 267 663 378 697; x_wconf 94' lang='lat' dir='ltr'>non</span> <span class='ocrx_word' id='word_1_44' title='bbox 418 644 640 696; x_wconf 88' lang='lat' dir='ltr'>dedecui</span> <span class='ocrx_word' id='word_1_45' title='bbox 676 646 772 696; x_wconf 86' lang='lat' dir='ltr'>tua</span> <span class='ocrx_word' id='word_1_46' title='bbox 810 644 960 696; x_wconf 90' lang='lat' dir='ltr'>iussa</span> <span class='ocrx_word' id='word_1_47' title='bbox 996 644 1204 713; x_wconf 83' lang='lat' dir='ltr'>tulique·</span> <span class='ocrx_word' id='word_1_48' title='bbox 1242 648 1597 715; x_wconf 74' lang='lat' dir='ltr'>prementem,</span> <span class='ocrx_word' id='word_1_49' title='bbox 1774 659 1851 699; x_wconf 69' lang='lat'>340</span> 
     </span>
     <span class='ocr_line' id='line_1_8' title="bbox 170 716 1799 788; baseline 0 -18"><span class='ocrx_word' id='word_1_50' title='bbox 170 716 341 787; x_wconf 81' lang='lat' dir='ltr'>Saepe</span> <span class='ocrx_word' id='word_1_51' title='bbox 382 718 527 788; x_wconf 88' lang='lat' dir='ltr'>veni,</span> <span class='ocrx_word' id='word_1_52' title='bbox 567 736 728 787; x_wconf 90' lang='lat' dir='ltr'>saepe</span> <span class='ocrx_word' id='word_1_53' title='bbox 767 718 908 771; x_wconf 89' lang='lat' dir='ltr'>hanc</span> <span class='ocrx_word' id='word_1_54' title='bbox 947 717 1170 787; x_wconf 85' lang='lat' dir='ltr'>dignare</span> <span class='ocrx_word' id='word_1_55' title='bbox 1210 719 1519 788; x_wconf 86' lang='lat' dir='ltr'>inrumpere</span> <span class='ocrx_word' id='word_1_56' title='bbox 1559 723 1799 773; x_wconf 85' lang='lat' dir='ltr'>mentem.</span> 
     </span>
    </p>
   </div>
   <div class='ocr_carea' id='block_1_3' title="bbox 167 791 1924 862">
    <p class='ocr_par' dir='ltr' id='par_1_4' title="bbox 167 791 1924 862">
     <span class='ocr_line' id='line_1_9' title="bbox 167 791 1924 862; baseline 0.002 -18"><span class='ocrx_word' id='word_1_57' title='bbox 167 791 329 844; x_wconf 91' lang='lat' dir='ltr'>Nunc</span> <span class='ocrx_word' id='word_1_58' title='bbox 357 792 460 844; x_wconf 88' lang='lat' dir='ltr'>tibi</span> <span class='ocrx_word' id='word_1_59' title='bbox 485 793 679 845; x_wconf 89' lang='lat' dir='ltr'>crudus</span> <span class='ocrx_word' id='word_1_60' title='bbox 704 792 892 862; x_wconf 87' lang='lat' dir='ltr'>honos,</span> <span class='ocrx_word' id='word_1_61' title='bbox 917 795 1110 845; x_wconf 90' lang='lat' dir='ltr'>trunca</span> <span class='ocrx_word' id='word_1_62' title='bbox 1135 812 1285 846; x_wconf 91' lang='lat' dir='ltr'>arma</span> <span class='ocrx_word' id='word_1_63' title='bbox 1311 811 1574 862; x_wconf 86' lang='lat' dir='ltr'>cruorque</span> <span class='ocrx_word' id='word_1_64' title='bbox 1599 795 1851 848; x_wconf 86' lang='lat' dir='ltr'>virorum:</span> <span class='ocrx_word' id='word_1_65' title='bbox 1921 836 1924 841; x_wconf 84' lang='grc'><strong>-</strong></span> 
     </span>
    </p>
   </div>
   <div class='ocr_carea' id='block_1_4' title="bbox 165 866 1855 2123">
    <p class='ocr_par' dir='ltr' id='par_1_5' title="bbox 168 866 1667 939">
     <span class='ocr_line' id='line_1_10' title="bbox 168 866 1667 939; baseline 0.002 -21"><span class='ocrx_word' id='word_1_66' title='bbox 168 866 246 918; x_wconf 93' lang='lat' dir='ltr'>At</span> <span class='ocrx_word' id='word_1_67' title='bbox 284 867 491 935; x_wconf 85' lang='lat' dir='ltr'>patrias</span> <span class='ocrx_word' id='word_1_68' title='bbox 534 867 579 919; x_wconf 89' lang='lat' dir='ltr'>si</span> <span class='ocrx_word' id='word_1_69' title='bbox 621 867 836 936; x_wconf 89' lang='lat' dir='ltr'>quando</span> <span class='ocrx_word' id='word_1_70' title='bbox 877 867 1067 920; x_wconf 90' lang='lat' dir='ltr'>domos</span> <span class='ocrx_word' id='word_1_71' title='bbox 1108 870 1425 937; x_wconf 87' lang='lat' dir='ltr'>optataque,</span> <span class='ocrx_word' id='word_1_72' title='bbox 1464 868 1667 939; x_wconf 90' lang='lat' dir='ltr'>Paean,</span> 
     </span>
    </p>

    <p class='ocr_par' dir='ltr' id='par_1_6' title="bbox 169 940 1607 1010">
     <span class='ocr_line' id='line_1_11' title="bbox 169 940 1607 1010; baseline 0.002 -18"><span class='ocrx_word' id='word_1_73' title='bbox 169 940 419 1009; x_wconf 83' lang='lat' dir='ltr'>Templa,</span> <span class='ocrx_word' id='word_1_74' title='bbox 458 940 645 1010; x_wconf 93' lang='lat' dir='ltr'>Lycie,</span> <span class='ocrx_word' id='word_1_75' title='bbox 686 941 863 1010; x_wconf 81' lang='lat' dir='ltr'>dabis,</span> <span class='ocrx_word' id='word_1_76' title='bbox 901 944 986 994; x_wconf 92' lang='lat' dir='ltr'>tot</span> <span class='ocrx_word' id='word_1_77' title='bbox 1025 940 1158 994; x_wconf 89' lang='lat' dir='ltr'>ditia</span> <span class='ocrx_word' id='word_1_78' title='bbox 1196 941 1337 994; x_wconf 87' lang='lat' dir='ltr'>dona</span> <span class='ocrx_word' id='word_1_79' title='bbox 1378 942 1607 995; x_wconf 90' lang='lat' dir='ltr'>sacratis</span> 
     </span>
    </p>

    <p class='ocr_par' dir='ltr' id='par_1_7' title="bbox 170 1014 1850 1086">
     <span class='ocr_line' id='line_1_12' title="bbox 170 1014 1850 1086; baseline 0.002 -20"><span class='ocrx_word' id='word_1_80' title='bbox 170 1014 428 1067; x_wconf 83' lang='lat' dir='ltr'>Postibus</span> <span class='ocrx_word' id='word_1_81' title='bbox 471 1019 526 1068; x_wconf 92' lang='lat' dir='ltr'>et</span> <span class='ocrx_word' id='word_1_82' title='bbox 564 1014 793 1068; x_wconf 92' lang='lat' dir='ltr'>totidem</span> <span class='ocrx_word' id='word_1_83' title='bbox 832 1015 947 1068; x_wconf 85' lang='lat' dir='ltr'>voti</span> <span class='ocrx_word' id='word_1_84' title='bbox 986 1033 1194 1068; x_wconf 89' lang='lat' dir='ltr'>memor</span> <span class='ocrx_word' id='word_1_85' title='bbox 1234 1015 1388 1086; x_wconf 86' lang='lat' dir='ltr'>exige</span> <span class='ocrx_word' id='word_1_86' title='bbox 1428 1016 1651 1071; x_wconf 86' lang='lat' dir='ltr'>tauros.&#39;</span> <span class='ocrx_word' id='word_1_87' title='bbox 1765 1029 1850 1070; x_wconf 85' lang='lat'>345</span> 
     </span>
    </p>

    <p class='ocr_par' dir='ltr' id='par_1_8' title="bbox 168 1088 1613 1234">
     <span class='ocr_line' id='line_1_13' title="bbox 168 1088 1591 1154; baseline 0.002 -14"><span class='ocrx_word' id='word_1_88' title='bbox 168 1088 417 1154; x_wconf 86' lang='lat' dir='ltr'>Dixerat,</span> <span class='ocrx_word' id='word_1_89' title='bbox 460 1091 515 1142; x_wconf 91' lang='lat' dir='ltr'>et</span> <span class='ocrx_word' id='word_1_90' title='bbox 553 1090 712 1142; x_wconf 87' lang='lat' dir='ltr'>laetis</span> <span class='ocrx_word' id='word_1_91' title='bbox 753 1089 927 1142; x_wconf 90' lang='lat' dir='ltr'>socios</span> <span class='ocrx_word' id='word_1_92' title='bbox 968 1090 1260 1143; x_wconf 87' lang='lat' dir='ltr'>revocabat</span> <span class='ocrx_word' id='word_1_93' title='bbox 1304 1091 1372 1142; x_wconf 92' lang='lat' dir='ltr'>ab</span> <span class='ocrx_word' id='word_1_94' title='bbox 1413 1092 1591 1143; x_wconf 81' lang='lat' dir='ltr'>armiS.</span> 
     </span>
     <span class='ocr_line' id='line_1_14' title="bbox 241 1161 1613 1234; baseline 0.003 -20"><span class='ocrx_word' id='word_1_95' title='bbox 241 1161 482 1215; x_wconf 88' lang='lat' dir='ltr'>Venerat</span> <span class='ocrx_word' id='word_1_96' title='bbox 520 1163 622 1216; x_wconf 91' lang='lat' dir='ltr'>hos</span> <span class='ocrx_word' id='word_1_97' title='bbox 662 1164 805 1216; x_wconf 90' lang='lat' dir='ltr'>inter</span> <span class='ocrx_word' id='word_1_98' title='bbox 842 1163 957 1216; x_wconf 85' lang='lat' dir='ltr'>fato</span> <span class='ocrx_word' id='word_1_99' title='bbox 1000 1161 1330 1233; x_wconf 81' lang='lat' dir='ltr'>Calydonius</span> <span class='ocrx_word' id='word_1_100' title='bbox 1371 1163 1613 1234; x_wconf 81' lang='lat' dir='ltr'>Hopleus</span> 
     </span>
    </p>

    <p class='ocr_par' dir='ltr' id='par_1_9' title="bbox 168 1235 1556 1308">
     <span class='ocr_line' id='line_1_15' title="bbox 168 1235 1556 1308; baseline 0.002 -20"><span class='ocrx_word' id='word_1_101' title='bbox 168 1235 579 1306; x_wconf 89' lang='lat' dir='ltr'>Maenaliusque</span> <span class='ocrx_word' id='word_1_102' title='bbox 619 1236 853 1307; x_wconf 82' lang='lat' dir='ltr'>DymaS,</span> <span class='ocrx_word' id='word_1_103' title='bbox 892 1237 1072 1290; x_wconf 88' lang='lat' dir='ltr'>dilecti</span> <span class='ocrx_word' id='word_1_104' title='bbox 1113 1239 1333 1307; x_wconf 86' lang='lat' dir='ltr'>regibus</span> <span class='ocrx_word' id='word_1_105' title='bbox 1375 1239 1556 1308; x_wconf 89' lang='lat' dir='ltr'>ambo,</span> 
     </span>
    </p>

    <p class='ocr_par' dir='ltr' id='par_1_10' title="bbox 166 1310 1762 1381">
     <span class='ocr_line' id='line_1_16' title="bbox 166 1310 1762 1381; baseline 0.002 -17"><span class='ocrx_word' id='word_1_106' title='bbox 166 1310 379 1380; x_wconf 84' lang='lat' dir='ltr'>Regum</span> <span class='ocrx_word' id='word_1_107' title='bbox 420 1312 581 1364; x_wconf 90' lang='lat' dir='ltr'>ambo</span> <span class='ocrx_word' id='word_1_108' title='bbox 624 1312 873 1379; x_wconf 81' lang='lat' dir='ltr'>comiteS‚</span> <span class='ocrx_word' id='word_1_109' title='bbox 914 1330 1139 1381; x_wconf 90' lang='lat' dir='ltr'>quorum</span> <span class='ocrx_word' id='word_1_110' title='bbox 1178 1315 1305 1381; x_wconf 91' lang='lat' dir='ltr'>post</span> <span class='ocrx_word' id='word_1_111' title='bbox 1342 1312 1534 1365; x_wconf 88' lang='lat' dir='ltr'>funera</span> <span class='ocrx_word' id='word_1_112' title='bbox 1572 1313 1762 1367; x_wconf 89' lang='lat' dir='ltr'>maesti</span> 
     </span>
    </p>

    <p class='ocr_par' dir='ltr' id='par_1_11' title="bbox 165 1382 1854 1457">
     <span class='ocr_line' id='line_1_17' title="bbox 165 1382 1854 1457; baseline 0.003 -21"><span class='ocrx_word' id='word_1_113' title='bbox 165 1382 354 1437; x_wconf 86' lang='lat' dir='ltr'>Vitam</span> <span class='ocrx_word' id='word_1_114' title='bbox 379 1385 746 1456; x_wconf 81' lang='lat' dir='ltr'>indignantur.</span> <span class='ocrx_word' id='word_1_115' title='bbox 793 1385 947 1438; x_wconf 91' lang='lat' dir='ltr'>Prior</span> <span class='ocrx_word' id='word_1_116' title='bbox 971 1386 1187 1439; x_wconf 87' lang='lat' dir='ltr'>Arcada</span> <span class='ocrx_word' id='word_1_117' title='bbox 1211 1387 1448 1440; x_wconf 82' lang='lat' dir='ltr'>concitat</span> <span class='ocrx_word' id='word_1_118' title='bbox 1470 1387 1731 1457; x_wconf 82' lang='lat' dir='ltr'>Hopleus:</span> <span class='ocrx_word' id='word_1_119' title='bbox 1766 1401 1854 1442; x_wconf 86' lang='grc'>350</span> 
     </span>
    </p>

    <p class='ocr_par' dir='ltr' id='par_1_12' title="bbox 167 1456 1636 1532">
     <span class='ocr_line' id='line_1_18' title="bbox 167 1456 1636 1532; baseline 0.003 -21"><span class='ocrx_word' id='word_1_120' title='bbox 167 1456 429 1512; x_wconf 70' lang='lat' dir='ltr'>‘Nullane</span> <span class='ocrx_word' id='word_1_121' title='bbox 468 1463 597 1528; x_wconf 89' lang='lat' dir='ltr'>post</span> <span class='ocrx_word' id='word_1_122' title='bbox 635 1478 819 1513; x_wconf 91' lang='lat' dir='ltr'>manes</span> <span class='ocrx_word' id='word_1_123' title='bbox 859 1460 1005 1530; x_wconf 83' lang='lat' dir='ltr'>regis</span> <span class='ocrx_word' id='word_1_124' title='bbox 1044 1460 1144 1514; x_wconf 88' lang='lat' dir='ltr'>tibi</span> <span class='ocrx_word' id='word_1_125' title='bbox 1189 1479 1315 1514; x_wconf 90' lang='lat' dir='ltr'>cura</span> <span class='ocrx_word' id='word_1_126' title='bbox 1353 1462 1636 1532; x_wconf 85' lang='lat' dir='ltr'>perempti,</span> 
     </span>
    </p>

    <p class='ocr_par' dir='ltr' id='par_1_13' title="bbox 168 1530 1710 1603">
     <span class='ocr_line' id='line_1_19' title="bbox 168 1530 1710 1603; baseline 0.003 -18"><span class='ocrx_word' id='word_1_127' title='bbox 168 1530 303 1597; x_wconf 86' lang='lat' dir='ltr'>Care</span> <span class='ocrx_word' id='word_1_128' title='bbox 343 1533 549 1603; x_wconf 87' lang='lat' dir='ltr'>Dyma,</span> <span class='ocrx_word' id='word_1_129' title='bbox 587 1537 812 1587; x_wconf 89' lang='lat' dir='ltr'>teneant</span> <span class='ocrx_word' id='word_1_130' title='bbox 850 1552 1008 1603; x_wconf 89' lang='lat' dir='ltr'>quem</span> <span class='ocrx_word' id='word_1_131' title='bbox 1048 1536 1158 1587; x_wconf 91' lang='lat' dir='ltr'>iam</span> <span class='ocrx_word' id='word_1_132' title='bbox 1197 1534 1429 1588; x_wconf 87' lang='lat' dir='ltr'>fortasse</span> <span class='ocrx_word' id='word_1_133' title='bbox 1469 1537 1710 1589; x_wconf 86' lang='lat' dir='ltr'>volucres</span> 
     </span>
    </p>

    <p class='ocr_par' dir='ltr' id='par_1_14' title="bbox 166 1606 1644 1678">
     <span class='ocr_line' id='line_1_20' title="bbox 166 1606 1644 1678; baseline 0.003 -20"><span class='ocrx_word' id='word_1_134' title='bbox 166 1606 517 1677; x_wconf 85' lang='lat' dir='ltr'>Thebanique</span> <span class='ocrx_word' id='word_1_135' title='bbox 558 1608 754 1661; x_wconf 74' lang='lat' dir='ltr'>canes?</span> <span class='ocrx_word' id='word_1_136' title='bbox 793 1608 1003 1678; x_wconf 88' lang='lat' dir='ltr'>patriae</span> <span class='ocrx_word' id='word_1_137' title='bbox 1045 1609 1171 1677; x_wconf 89' lang='lat' dir='ltr'>quid</span> <span class='ocrx_word' id='word_1_138' title='bbox 1210 1608 1399 1661; x_wconf 89' lang='lat' dir='ltr'>deinde</span> <span class='ocrx_word' id='word_1_139' title='bbox 1438 1609 1644 1678; x_wconf 80' lang='lat' dir='ltr'>feretiS,</span> 
     </span>
    </p>

    <p class='ocr_par' dir='ltr' id='par_1_15' title="bbox 166 1680 1690 1751">
     <span class='ocr_line' id='line_1_21' title="bbox 166 1680 1690 1751; baseline 0.002 -18"><span class='ocrx_word' id='word_1_140' title='bbox 166 1680 445 1733; x_wconf 76' lang='lat' dir='ltr'>Arcades?</span> <span class='ocrx_word' id='word_1_141' title='bbox 487 1699 554 1733; x_wconf 93' lang='lat' dir='ltr'>en</span> <span class='ocrx_word' id='word_1_142' title='bbox 594 1681 813 1735; x_wconf 86' lang='lat' dir='ltr'>reduces</span> <span class='ocrx_word' id='word_1_143' title='bbox 853 1685 1044 1735; x_wconf 88' lang='lat' dir='ltr'>contra</span> <span class='ocrx_word' id='word_1_144' title='bbox 1081 1682 1231 1735; x_wconf 84' lang='lat' dir='ltr'>venit</span> <span class='ocrx_word' id='word_1_145' title='bbox 1271 1700 1463 1751; x_wconf 88' lang='lat' dir='ltr'>aspera</span> <span class='ocrx_word' id='word_1_146' title='bbox 1500 1687 1690 1736; x_wconf 88' lang='lat' dir='ltr'>mater:</span> 
     </span>
    </p>

    <p class='ocr_par' dir='ltr' id='par_1_16' title="bbox 165 1753 1855 1826">
     <span class='ocr_line' id='line_1_22' title="bbox 165 1753 1855 1826; baseline 0.003 -20"><span class='ocrx_word' id='word_1_147' title='bbox 165 1753 348 1806; x_wconf 87' lang='lat' dir='ltr'>Funus</span> <span class='ocrx_word' id='word_1_148' title='bbox 389 1754 520 1807; x_wconf 80' lang='lat' dir='ltr'>ubi‘?</span> <span class='ocrx_word' id='word_1_149' title='bbox 559 1755 637 1808; x_wconf 91' lang='lat' dir='ltr'>At</span> <span class='ocrx_word' id='word_1_150' title='bbox 675 1759 863 1808; x_wconf 90' lang='lat' dir='ltr'>nostro</span> <span class='ocrx_word' id='word_1_151' title='bbox 898 1774 1108 1824; x_wconf 88' lang='lat' dir='ltr'>semper</span> <span class='ocrx_word' id='word_1_152' title='bbox 1141 1756 1241 1809; x_wconf 89' lang='lat' dir='ltr'>sub</span> <span class='ocrx_word' id='word_1_153' title='bbox 1274 1759 1491 1826; x_wconf 86' lang='lat' dir='ltr'>pectore</span> <span class='ocrx_word' id='word_1_154' title='bbox 1526 1757 1734 1826; x_wconf 85' lang='lat' dir='ltr'>Tydeus</span> <span class='ocrx_word' id='word_1_155' title='bbox 1768 1770 1855 1811; x_wconf 85' lang='lat'>355</span> 
     </span>
    </p>

    <p class='ocr_par' dir='ltr' id='par_1_17' title="bbox 169 1826 1616 1899">
     <span class='ocr_line' id='line_1_23' title="bbox 169 1826 1616 1899; baseline 0.003 -20"><span class='ocrx_word' id='word_1_156' title='bbox 169 1826 353 1880; x_wconf 84' lang='lat' dir='ltr'>Saevit</span> <span class='ocrx_word' id='word_1_157' title='bbox 391 1828 548 1897; x_wconf 89' lang='lat' dir='ltr'>inops</span> <span class='ocrx_word' id='word_1_158' title='bbox 588 1829 811 1898; x_wconf 92' lang='lat' dir='ltr'>tumuli,</span> <span class='ocrx_word' id='word_1_159' title='bbox 852 1830 1097 1898; x_wconf 88' lang='lat' dir='ltr'>quamvis</span> <span class='ocrx_word' id='word_1_160' title='bbox 1136 1831 1430 1899; x_wconf 90' lang='lat' dir='ltr'>patientior</span> <span class='ocrx_word' id='word_1_161' title='bbox 1469 1835 1616 1884; x_wconf 87' lang='lat' dir='ltr'>artus</span> 
     </span>
    </p>

    <p class='ocr_par' dir='ltr' id='par_1_18' title="bbox 165 1900 1465 1972">
     <span class='ocr_line' id='line_1_24' title="bbox 165 1900 1465 1972; baseline 0.004 -19"><span class='ocrx_word' id='word_1_162' title='bbox 165 1900 264 1954; x_wconf 87' lang='lat' dir='ltr'>Ille</span> <span class='ocrx_word' id='word_1_163' title='bbox 304 1920 404 1954; x_wconf 91' lang='lat' dir='ltr'>nec</span> <span class='ocrx_word' id='word_1_164' title='bbox 444 1903 689 1972; x_wconf 90' lang='lat' dir='ltr'>abruptis</span> <span class='ocrx_word' id='word_1_165' title='bbox 732 1904 863 1956; x_wconf 91' lang='lat' dir='ltr'>adeo</span> <span class='ocrx_word' id='word_1_166' title='bbox 903 1904 1255 1958; x_wconf 89' lang='lat' dir='ltr'>lacrimabilis</span> <span class='ocrx_word' id='word_1_167' title='bbox 1297 1906 1465 1958; x_wconf 71' lang='lat' dir='ltr'>annis</span> 
     </span>
    </p>

    <p class='ocr_par' dir='ltr' id='par_1_19' title="bbox 166 1974 1677 2049">
     <span class='ocr_line' id='line_1_25' title="bbox 166 1974 1677 2049; baseline 0.002 -20"><span class='ocrx_word' id='word_1_168' title='bbox 166 1974 252 2029; x_wconf 90' lang='lat' dir='ltr'>Ire</span> <span class='ocrx_word' id='word_1_169' title='bbox 292 1978 477 2029; x_wconf 89' lang='lat' dir='ltr'>tamen</span> <span class='ocrx_word' id='word_1_170' title='bbox 518 1995 843 2047; x_wconf 87' lang='lat' dir='ltr'>saevumque</span> <span class='ocrx_word' id='word_1_171' title='bbox 883 1978 1019 2032; x_wconf 90' lang='lat' dir='ltr'>libet</span> <span class='ocrx_word' id='word_1_172' title='bbox 1055 1979 1207 2032; x_wconf 93' lang='lat' dir='ltr'>nullo</span> <span class='ocrx_word' id='word_1_173' title='bbox 1249 1979 1435 2032; x_wconf 91' lang='lat' dir='ltr'>ordine</span> <span class='ocrx_word' id='word_1_174' title='bbox 1474 1979 1677 2049; x_wconf 90' lang='lat' dir='ltr'>passim</span> 
     </span>
    </p>

    <p class='ocr_par' dir='ltr' id='par_1_20' title="bbox 168 2047 1662 2123">
     <span class='ocr_line' id='line_1_26' title="bbox 168 2047 1662 2123; baseline 0.003 -22"><span class='ocrx_word' id='word_1_175' title='bbox 168 2047 410 2102; x_wconf 79' lang='lat' dir='ltr'>Scrutari</span> <span class='ocrx_word' id='word_1_176' title='bbox 449 2068 721 2120; x_wconf 87' lang='lat' dir='ltr'>campum,</span> <span class='ocrx_word' id='word_1_177' title='bbox 761 2051 1030 2108; x_wconf 81' lang='lat' dir='ltr'>mediasve</span> <span class='ocrx_word' id='word_1_178' title='bbox 1069 2053 1377 2123; x_wconf 87' lang='lat' dir='ltr'>inrumpere</span> <span class='ocrx_word' id='word_1_179' title='bbox 1417 2052 1662 2106; x_wconf 66' lang='lat' dir='ltr'>Thebas?</span> 
     </span>
    </p>
   </div>
   <div class='ocr_carea' id='block_1_5' title="bbox 166 2123 1945 2197">
    <p class='ocr_par' dir='ltr' id='par_1_21' title="bbox 166 2123 1945 2197">
     <span class='ocr_line' id='line_1_27' title="bbox 166 2123 1945 2197; baseline 0.004 -22"><span class='ocrx_word' id='word_1_180' title='bbox 166 2123 390 2192; x_wconf 86' lang='lat' dir='ltr'>Excipit</span> <span class='ocrx_word' id='word_1_181' title='bbox 414 2143 536 2178; x_wconf 90' lang='lat' dir='ltr'>orsa</span> <span class='ocrx_word' id='word_1_182' title='bbox 552 2123 783 2195; x_wconf 88' lang='lat' dir='ltr'>Dymas:</span> <span class='ocrx_word' id='word_1_183' title='bbox 811 2125 939 2179; x_wconf 69' lang='lat' dir='ltr'>‘Per</span> <span class='ocrx_word' id='word_1_184' title='bbox 964 2144 1063 2196; x_wconf 86' lang='lat' dir='ltr'>ego</span> <span class='ocrx_word' id='word_1_185' title='bbox 1088 2127 1222 2180; x_wconf 88' lang='lat' dir='ltr'>haec</span> <span class='ocrx_word' id='word_1_186' title='bbox 1246 2145 1389 2196; x_wconf 86' lang='lat' dir='ltr'>vaga</span> <span class='ocrx_word' id='word_1_187' title='bbox 1414 2128 1586 2181; x_wconf 90' lang='lat' dir='ltr'>sidera</span> <span class='ocrx_word' id='word_1_188' title='bbox 1602 2128 1720 2181; x_wconf 90' lang='lat' dir='ltr'>iuro</span> <span class='ocrx_word' id='word_1_189' title='bbox 1730 2169 1744 2197; x_wconf 98' lang='lat'>,</span> <span class='ocrx_word' id='word_1_190' title='bbox 1769 2141 1856 2182; x_wconf 85' lang='lat'>360</span> <span class='ocrx_word' id='word_1_191' title='bbox 1921 2126 1945 2193; x_wconf 60' lang='lat' dir='ltr'>ff</span> 
     </span>
    </p>
   </div>
   <div class='ocr_carea' id='block_1_6' title="bbox 164 2197 1853 2420">
    <p class='ocr_par' dir='ltr' id='par_1_22' title="bbox 164 2197 1853 2420">
     <span class='ocr_line' id='line_1_28' title="bbox 165 2197 1685 2271; baseline 0.004 -22"><span class='ocrx_word' id='word_1_192' title='bbox 165 2197 271 2250; x_wconf 94' lang='lat' dir='ltr'>Per</span> <span class='ocrx_word' id='word_1_193' title='bbox 310 2198 459 2250; x_wconf 90' lang='lat' dir='ltr'>ducis</span> <span class='ocrx_word' id='word_1_194' title='bbox 501 2202 742 2253; x_wconf 89' lang='lat' dir='ltr'>errantes</span> <span class='ocrx_word' id='word_1_195' title='bbox 781 2201 955 2253; x_wconf 88' lang='lat' dir='ltr'>instar</span> <span class='ocrx_word' id='word_1_196' title='bbox 993 2201 1128 2253; x_wconf 91' lang='lat' dir='ltr'>mihi</span> <span class='ocrx_word' id='word_1_197' title='bbox 1166 2201 1404 2255; x_wconf 87' lang='lat' dir='ltr'>numinis</span> <span class='ocrx_word' id='word_1_198' title='bbox 1443 2202 1685 2271; x_wconf 78' lang='lat' dir='ltr'>umbraS,</span> 
     </span>
     <span class='ocr_line' id='line_1_29' title="bbox 164 2271 1690 2345; baseline 0.003 -22"><span class='ocrx_word' id='word_1_199' title='bbox 164 2271 315 2324; x_wconf 91' lang='lat' dir='ltr'>Idem</span> <span class='ocrx_word' id='word_1_200' title='bbox 355 2272 564 2325; x_wconf 88' lang='lat' dir='ltr'>animus</span> <span class='ocrx_word' id='word_1_201' title='bbox 605 2275 824 2344; x_wconf 84' lang='lat' dir='ltr'>miser03</span> <span class='ocrx_word' id='word_1_202' title='bbox 866 2275 1121 2328; x_wconf 90' lang='lat' dir='ltr'>comitem</span> <span class='ocrx_word' id='word_1_203' title='bbox 1160 2276 1522 2345; x_wconf 89' lang='lat' dir='ltr'>circumspicit</span> <span class='ocrx_word' id='word_1_204' title='bbox 1561 2276 1690 2329; x_wconf 91' lang='lat' dir='ltr'>olim</span> 
     </span>
     <span class='ocr_line' id='line_1_30' title="bbox 164 2343 1853 2420; baseline 0.003 -23"><span class='ocrx_word' id='word_1_205' title='bbox 164 2343 321 2398; x_wconf 91' lang='lat' dir='ltr'>Mens</span> <span class='ocrx_word' id='word_1_206' title='bbox 361 2346 585 2400; x_wconf 90' lang='lat' dir='ltr'>humilis</span> <span class='ocrx_word' id='word_1_207' title='bbox 625 2348 796 2412; x_wconf 78' lang='lat' dir='ltr'>luctU,</span> <span class='ocrx_word' id='word_1_208' title='bbox 838 2349 928 2401; x_wconf 92' lang='lat' dir='ltr'>sed</span> <span class='ocrx_word' id='word_1_209' title='bbox 968 2367 1110 2402; x_wconf 87' lang='lat' dir='ltr'>nunc</span> <span class='ocrx_word' id='word_1_210' title='bbox 1148 2350 1298 2419; x_wconf 92' lang='lat' dir='ltr'>prior</span> <span class='ocrx_word' id='word_1_211' title='bbox 1336 2350 1452 2403; x_wconf 90' lang='lat' dir='ltr'>ibo&#39;</span> <span class='ocrx_word' id='word_1_212' title='bbox 1494 2380 1564 2387; x_wconf 95' lang='lat'><strong>—</strong></span> <span class='ocrx_word' id='word_1_213' title='bbox 1604 2350 1853 2420; x_wconf 87' lang='lat' dir='ltr'>viamque</span> 
     </span>
    </p>
   </div>
   <div class='ocr_carea' id='block_1_7' title="bbox 163 2451 520 2458">
    <p class='ocr_par' dir='ltr' id='par_1_23' title="bbox 163 2451 520 2458">
     <span class='ocr_line' id='line_1_31' title="bbox 163 2451 520 2458; baseline 0 668"><span class='ocrx_word' id='word_1_214' title='bbox 163 2451 520 2458; x_wconf 95' lang='lat' dir='ltr'> </span> 
     </span>
    </p>
   </div>
   <div class='ocr_carea' id='block_1_8' title="bbox 162 2500 1855 2615">
    <p class='ocr_par' dir='ltr' id='par_1_24' title="bbox 162 2500 1855 2615">
     <span class='ocr_line' id='line_1_32' title="bbox 286 2500 1855 2560; baseline 0.002 -18"><span class='ocrx_word' id='word_1_215' title='bbox 286 2503 371 2543; x_wconf 88' lang='lat'>343</span> <span class='ocrx_word' id='word_1_216' title='bbox 398 2513 497 2555; x_wconf 84' lang='lat' dir='ltr'>sqq.</span> <span class='ocrx_word' id='word_1_217' title='bbox 542 2500 633 2545; x_wconf 85' lang='lat' dir='ltr'>‘At</span> <span class='ocrx_word' id='word_1_218' title='bbox 665 2526 718 2533; x_wconf 89' lang='lat'><strong>—</strong></span> <span class='ocrx_word' id='word_1_219' title='bbox 752 2502 939 2546; x_wconf 88' lang='lat' dir='ltr'>tauros&#39;</span> <span class='ocrx_word' id='word_1_220' title='bbox 973 2500 1247 2547; x_wconf 84' lang='lat' dir='ltr'>Priscian.</span> <span class='ocrx_word' id='word_1_221' title='bbox 1280 2501 1302 2545; x_wconf 94' lang='lat' dir='ltr'>I</span> <span class='ocrx_word' id='word_1_222' title='bbox 1342 2507 1398 2547; x_wconf 88' lang='lat'>55</span> <span class='ocrx_word' id='word_1_223' title='bbox 1436 2517 1482 2560; x_wconf 91' lang='lat' dir='ltr'>p.</span> <span class='ocrx_word' id='word_1_224' title='bbox 1515 2507 1586 2558; x_wconf 89' lang='lat'>41,</span> <span class='ocrx_word' id='word_1_225' title='bbox 1623 2507 1699 2558; x_wconf 87' lang='lat'>18,</span> <span class='ocrx_word' id='word_1_226' title='bbox 1734 2503 1782 2546; x_wconf 91' lang='lat' dir='ltr'>et</span> <span class='ocrx_word' id='word_1_227' title='bbox 1811 2501 1855 2545; x_wconf 93' lang='lat' dir='ltr'>II</span> 
     </span>
     <span class='ocr_line' id='line_1_33' title="bbox 162 2558 551 2615; baseline 0.005 -13"><span class='ocrx_word' id='word_1_228' title='bbox 162 2562 221 2602; x_wconf 86' lang='lat'>46</span> <span class='ocrx_word' id='word_1_229' title='bbox 252 2573 297 2615; x_wconf 88' lang='lat' dir='ltr'>p.</span> <span class='ocrx_word' id='word_1_230' title='bbox 333 2563 402 2614; x_wconf 86' lang='grc'>72,</span> <span class='ocrx_word' id='word_1_231' title='bbox 437 2564 461 2603; x_wconf 81' lang='grc'><strong>7</strong></span> <span class='ocrx_word' id='word_1_232' title='bbox 493 2558 551 2605; x_wconf 90' lang='grc' dir='ltr'>Η.</span> 
     </span>
    </p>
   </div>
   <div class='ocr_carea' id='block_1_9' title="bbox 163 2650 520 2657">
    <p class='ocr_par' dir='ltr' id='par_1_25' title="bbox 163 2650 520 2657">
     <span class='ocr_line' id='line_1_34' title="bbox 163 2650 520 2657; baseline 0 469"><span class='ocrx_word' id='word_1_233' title='bbox 163 2650 520 2657; x_wconf 95' lang='lat' dir='ltr'> </span> 
     </span>
    </p>
   </div>
   <div class='ocr_carea' id='block_1_10' title="bbox 163 2699 1857 2936">
    <p class='ocr_par' dir='ltr' id='par_1_26' title="bbox 163 2699 1857 2936">
     <span class='ocr_line' id='line_1_35' title="bbox 284 2699 1857 2759; baseline 0 -16"><span class='ocrx_word' id='word_1_234' title='bbox 284 2703 370 2743; x_wconf 91' lang='grc'>335</span> <span class='ocrx_word' id='word_1_235' title='bbox 409 2699 634 2744; x_wconf 90' lang='lat' dir='ltr'>recedant</span> <span class='ocrx_word' id='word_1_236' title='bbox 668 2701 881 2746; x_wconf 76' lang='lat' dir='ltr'>Iortinus</span> <span class='ocrx_word' id='word_1_237' title='bbox 903 2703 919 2759; x_wconf 81' lang='grc' dir='ltr'>ΙΙ</span> <span class='ocrx_word' id='word_1_238' title='bbox 943 2706 1029 2746; x_wconf 89' lang='grc'>344</span> <span class='ocrx_word' id='word_1_239' title='bbox 1063 2700 1218 2757; x_wconf 83' lang='lat' dir='ltr'>dabis,</span> <span class='ocrx_word' id='word_1_240' title='bbox 1252 2703 1312 2747; x_wconf 83' lang='lat' dir='ltr'>al.</span> <span class='ocrx_word' id='word_1_241' title='bbox 1344 2716 1399 2746; x_wconf 84' lang='lat' dir='ltr'>m.</span> <span class='ocrx_word' id='word_1_242' title='bbox 1432 2715 1660 2758; x_wconf 77' lang='lat' dir='ltr'>suprascr.</span> <span class='ocrx_word' id='word_1_243' title='bbox 1692 2702 1857 2745; x_wconf 74' lang='lat' dir='ltr'>nostra,</span> 
     </span>
     <span class='ocr_line' id='line_1_36' title="bbox 164 2758 1854 2818; baseline 0.002 -19"><span class='ocrx_word' id='word_1_244' title='bbox 164 2761 197 2799; x_wconf 92' lang='lat' dir='ltr'>P</span> <span class='ocrx_word' id='word_1_245' title='bbox 227 2759 243 2814; x_wconf 85' lang='grc' dir='ltr'>ΙΙ</span> <span class='ocrx_word' id='word_1_246' title='bbox 274 2763 359 2802; x_wconf 87' lang='grc'>352</span> <span class='ocrx_word' id='word_1_247' title='bbox 394 2758 528 2804; x_wconf 87' lang='lat' dir='ltr'>Clare</span> <span class='ocrx_word' id='word_1_248' title='bbox 560 2765 592 2802; x_wconf 88' lang='lat' dir='ltr'>P</span> <span class='ocrx_word' id='word_1_249' title='bbox 620 2762 627 2817; x_wconf 63' lang='lat' dir='ltr'>fl</span> <span class='ocrx_word' id='word_1_250' title='bbox 654 2761 887 2804; x_wconf 86' lang='lat' dir='ltr'>temerant</span> <span class='ocrx_word' id='word_1_251' title='bbox 919 2761 1227 2806; x_wconf 74' lang='lat' dir='ltr'>Baehrensius</span> <span class='ocrx_word' id='word_1_252' title='bbox 1265 2764 1280 2815; x_wconf 79' lang='grc'>11</span> <span class='ocrx_word' id='word_1_253' title='bbox 1315 2765 1400 2805; x_wconf 88' lang='grc'>355</span> <span class='ocrx_word' id='word_1_254' title='bbox 1436 2762 1620 2804; x_wconf 85' lang='lat' dir='ltr'>nostros</span> <span class='ocrx_word' id='word_1_255' title='bbox 1652 2765 1684 2803; x_wconf 91' lang='lat' dir='ltr'>P</span> <span class='ocrx_word' id='word_1_256' title='bbox 1718 2763 1734 2818; x_wconf 77' lang='grc' dir='ltr'>ΙΙ</span> <span class='ocrx_word' id='word_1_257' title='bbox 1768 2764 1854 2804; x_wconf 88' lang='grc'>359</span> 
     </span>
     <span class='ocr_line' id='line_1_37' title="bbox 164 2816 1853 2876; baseline 0.002 -17"><span class='ocrx_word' id='word_1_258' title='bbox 164 2816 406 2861; x_wconf 85' lang='lat' dir='ltr'>mediasve</span> <span class='ocrx_word' id='word_1_259' title='bbox 423 2822 456 2860; x_wconf 92' lang='lat' dir='ltr'>P</span> <span class='ocrx_word' id='word_1_260' title='bbox 471 2818 743 2875; x_wconf 85' lang='lat' dir='ltr'>mediasque</span> <span class='ocrx_word' id='word_1_261' title='bbox 761 2821 893 2865; x_wconf 74' lang='lat' dir='ltr'>ceteri</span> <span class='ocrx_word' id='word_1_262' title='bbox 914 2821 930 2876; x_wconf 87' lang='grc' dir='ltr'>ΙΙ</span> <span class='ocrx_word' id='word_1_263' title='bbox 954 2825 1038 2864; x_wconf 89' lang='grc'>362</span> <span class='ocrx_word' id='word_1_264' title='bbox 1058 2819 1241 2864; x_wconf 84' lang='lat' dir='ltr'>animus</span> <span class='ocrx_word' id='word_1_265' title='bbox 1258 2825 1290 2863; x_wconf 88' lang='lat' dir='ltr'>P</span> <span class='ocrx_word' id='word_1_266' title='bbox 1309 2820 1448 2864; x_wconf 90' lang='lat' dir='ltr'>ardor</span> <span class='ocrx_word' id='word_1_267' title='bbox 1463 2821 1596 2865; x_wconf 77' lang='lat' dir='ltr'>ceteri</span> <span class='ocrx_word' id='word_1_268' title='bbox 1617 2821 1633 2875; x_wconf 77' lang='lat' dir='ltr'>ss</span> <span class='ocrx_word' id='word_1_269' title='bbox 1656 2825 1740 2864; x_wconf 89' lang='lat'>363</span> <span class='ocrx_word' id='word_1_270' title='bbox 1753 2832 1853 2874; x_wconf 86' lang='lat' dir='ltr'>sqq.</span> 
     </span>
     <span class='ocr_line' id='line_1_38' title="bbox 163 2878 1777 2936; baseline 0.002 -17"><span class='ocrx_word' id='word_1_271' title='bbox 163 2888 317 2920; x_wconf 74' lang='lat' dir='ltr'>versus</span> <span class='ocrx_word' id='word_1_272' title='bbox 348 2878 401 2921; x_wconf 75' lang='lat' dir='ltr'>in</span> <span class='ocrx_word' id='word_1_273' title='bbox 432 2881 459 2920; x_wconf 84' lang='lat' dir='ltr'>d</span> <span class='ocrx_word' id='word_1_274' title='bbox 489 2879 571 2923; x_wconf 82' lang='lat' dir='ltr'>hoc</span> <span class='ocrx_word' id='word_1_275' title='bbox 601 2880 762 2923; x_wconf 73' lang='lat' dir='ltr'>ordine</span> <span class='ocrx_word' id='word_1_276' title='bbox 791 2892 837 2923; x_wconf 84' lang='lat' dir='ltr'>se</span> <span class='ocrx_word' id='word_1_277' title='bbox 867 2880 1123 2936; x_wconf 76' lang='lat' dir='ltr'>excipiunt:</span> <span class='ocrx_word' id='word_1_278' title='bbox 1156 2884 1255 2925; x_wconf 90' lang='lat'><strong>363.</strong></span> <span class='ocrx_word' id='word_1_279' title='bbox 1289 2883 1388 2925; x_wconf 87' lang='lat'><strong>365.</strong></span> <span class='ocrx_word' id='word_1_280' title='bbox 1423 2884 1522 2924; x_wconf 87' lang='grc'>366.</span> <span class='ocrx_word' id='word_1_281' title='bbox 1556 2883 1655 2924; x_wconf 85' lang='grc'>367.</span> <span class='ocrx_word' id='word_1_282' title='bbox 1690 2884 1777 2923; x_wconf 88' lang='grc'>364</span> 
     </span>
    </p>
   </div>
   <div class='ocr_carea' id='block_1_11' title="bbox 1886 318 1905 374">
    <p class='ocr_par' dir='ltr' id='par_1_27' title="bbox 1886 318 1905 374">
     <span class='ocr_line' id='line_1_39' title="bbox 1886 318 1905 374; baseline 0 -20"><span class='ocrx_word' id='word_1_283' title='bbox 1886 318 1905 374; x_wconf 47' lang='lat' dir='ltr'>¹,l</span> 
     </span>
    </p>
   </div>
  </div>
 </body>
</html>
