1976 3094
650 135 993 184 THEBAIDOS
1023 135 1135 183 LIB.
1167 135 1268 183 Vll.
1697 136 1803 190 199

123 261 385 318 Eumenis
422 259 480 315 in
517 258 688 313 furias
729 259 1076 329 animumque
1113 258 1288 312 redire
1326 259 1560 329 priorem
1720 271 1805 311 580

124 335 371 407 Impulit,
411 337 699 402 erumpunt
735 351 843 387 non
883 333 1304 403 agnoscentibus
1344 333 1507 402 agris.

124 409 238 466 Ceu
275 407 380 463 duo
419 407 632 463 diverso
672 408 878 477 pariter
918 408 965 460 si
1002 406 1233 460 fulmina
1271 407 1421 460 caelo

125 484 308 554 Rupta
345 481 540 537 cadant
576 481 904 551 longumque
941 480 1165 534 trahant
1201 499 1298 549 per
1334 480 1521 534 nubila
1559 480 1783 533 crinem:

125 502 251 614 Noii
289 555 450 611 aliter
489 573 650 609 cursu
688 554 908 625 rapidae
948 558 1109 625 atque
1148 555 1383 608 immane
1421 554 1713 608 frementes

125 629 460 686 Transiliunt
498 647 717 700 campos
758 629 1108 700 aurigamque
1147 628 1346 698 impete
1386 632 1566 699 vasto,
1724 640 1810 681 585

127 703 478 775 Amphiarae,
515 707 670 756 tuum
709 702 830 771 (nec
868 702 1039 755 defuit
1078 721 1257 771 omen,
1298 703 1456 755 eriles

124 778 289 834 Forte
327 778 374 832 is
413 776 621 847 primus
661 794 826 847 equos
867 780 1062 847 stagna
1100 776 1167 829 ad
1207 777 1385 830 vicina
1422 776 1700 846 trahebat)

128 851 464 922 Corripiunt3
503 869 628 905 mox
666 850 993 904 Taenarium
1033 848 1149 919 (qui
1189 850 1489 921 proximus)
1528 849 1664 903 Idan

127 927 490 995 Aetolumque
522 926 830 978 Acamanta
860 930 1133 994 premunt:
1164 924 1296 995 fuga
1326 928 1486 978 torva
1524 942 1620 993 per
1651 940 1813 993 agros

128 999 516 1070 cornipedum,
553 999 672 1053 visa
709 998 876 1052 donec
915 999 1224 1052 flammatus
1264 998 1539 1052 Aconteus
1728 1010 1817 1050 590

130 1073 324 1145 Strage
363 1073 561 1143 virum,
600 1072 686 1126 cui
724 1075 877 1126 sueta
915 1072 1056 1126 feras
1095 1076 1437 1141 prosternere
1476 1073 1645 1125 virtus

160 1149 328 1202 Arcas
369 1144 535 1216 erat),
573 1146 750 1200 densis
790 1146 901 1200 iam
938 1146 1046 1199 fida
1085 1147 1151 1200 ad
1190 1146 1406 1200 moenia
1443 1164 1627 1200 versas

199 1222 442 1292 sequitur
479 1220 630 1289 telis,
670 1220 1002 1290 multumque
1042 1220 1241 1274 hastile
1280 1238 1558 1274 resumens

131 1296 260 1365 Ter,
299 1290 489 1365 quater
528 1261 756 1348 adducto
795 1313 890 1363 per
927 1301 1106 1364 terga,
1146 1313 1242 1364 per
1279 1294 1374 1347 ilia
1411 1294 1523 1347 telo

134 1370 430 1441 Transigit.
507 1368 642 1422 Illae
683 1372 864 1421 autem
903 1369 1068 1440 longo
1109 1386 1229 1422 cum
1267 1369 1442 1421 limite
1482 1368 1590 1421 fusi
1736 1382 1821 1421 595

137 1442 430 1514 Sanguinis
470 1443 538 1496 ad
576 1446 762 1512 portas
802 1443 1072 1513 utrimque
1111 1443 1354 1496 extantia
1392 1443 1594 1495 ducunt

136 1517 357 1588 Spicula
395 1517 761 1584 semianimes,
800 1517 1109 1586 gemituque
1148 1517 1399 1570 imitante
1439 1516 1704 1585 querellas

137 1590 332 1646 Saucia
371 1590 580 1645 dilectis
621 1590 888 1644 aeclinant
926 1595 1150 1659 pectora
1188 1591 1373 1643 muris.

137 1665 366 1735 Templa
402 1668 562 1736 putes
601 1665 896 1734 urbemque
935 1664 1054 1733 rapi
1092 1664 1407 1734 facibusque
1445 1664 1691 1717 nefandis

140 1738 389 1793 Sidonios
429 1738 614 1793 ardere
653 1738 818 1807 lares,
859 1738 935 1791 sic
975 1738 1179 1791 clamor
1219 1738 1419 1807 apertis
1741 1751 1829 1791 600

139 1812 401 1867 Exoritur
438 1814 628 1882 muris3
669 1813 895 1865 mallent
932 1812 1201 1866 cunabula
1240 1812 1428 1883 magni

142 1886 389 1940 Herculis
429 1890 524 1940 aut
562 1884 801 1939 Semeles
838 1885 1141 1939 thalamum
1182 1891 1277 1939 aut
1315 1886 1589 1955 penetrale
1627 1887 1801 1939 ruisse

142 1959 491 2014 Harmoniae.
566 1957 754 2013 Cultor
791 1959 1066 2013 Baccheus
1106 1961 1353 2013 Acontea
1390 1960 1639 2030 Phegeus

147 2033 267 2087 Iam
305 2051 532 2087 vacuum
571 2033 696 2086 telis
737 2033 1057 2104 geminoque
1096 2034 1152 2085 in
1191 2034 1452 2103 sanguine
1493 2039 1742 2087 ovantem

146 2106 463 2161 Comminus
503 2125 630 2160 ense
668 2107 828 2176 petit3
868 2107 1100 2160 subeunt
1137 2107 1381 2176 Tegeaea
1419 2108 1670 2160 iuventus
1748 2122 1833 2162 605

149 2181 372 2234 Auxilio
411 2180 575 2234 tardi:
614 2180 725 2233 iam
764 2199 928 2249 supra
967 2199 1121 2234 sacra
1157 2181 1396 2233 ferarum

148 2254 390 2325 Corpora
427 2255 691 2307 maerenti
727 2254 935 2307 iuvenis
974 2254 1116 2308 iacet
1153 2255 1290 2308 ultio
1330 2254 1559 2308 Baccho.

268 2390 355 2430 585
373 2399 439 2442 sq.
468 2384 793 2441 ‘aurigamque
810 2410 866 2418 —
885 2385 1037 2429 tuum’
1064 2383 1340 2430 Priscian.
1366 2385 1434 2429 VI
1458 2390 1514 2430 55
1537 2401 1583 2443 p.
1608 2391 1709 2441 241,
1737 2392 1765 2430 4
1781 2386 1835 2431 H.

272 2521 357 2562 581
391 2516 518 2574 agris
560 2518 597 2561 δ’
629 2519 759 2574 pvffob
792 2517 1000 2563 Bentleio
1031 2517 1158 2574 argis
1190 2522 1276 2561 Pu
1307 2517 1457 2562 antris
1494 2522 1528 2561 B
1561 2519 1687 2563 Dan.
1714 2514 1839 2575 11583

153 2576 348 2621 trahunt
377 2581 410 2619 Ρ
432 2579 448 2632 ΙΙ
471 2581 558 2642 588
598 2575 727 2620 idam
757 2579 884 2622 codd.
917 2578 1015 2622 edd.
1047 2577 1167 2621 Idan
1195 2579 1363 2632 scripsi
1392 2579 1490 2622 coll.
1533 2578 1576 2620 V
1601 2582 1691 2622 405
1715 2581 1730 2632 ΙΙ
1755 2583 1841 2622 590

154 2634 327 2694 Cornip
331 2635 469 2680 edum
507 2634 632 2688 visu,
673 2635 820 2680 donec
850 2637 1075 2681 Barthius
1096 2639 1112 2694 u
1136 2642 1222 2681 600
1252 2635 1331 2680 hic
1371 2637 1549 2680 clamor
1581 2637 1843 2693 Meozkiuss.

157 2699 245 2741 602
290 2693 495 2739 Semeles
540 2695 772 2739 tumulum
813 2695 1037 2741 Gruterus
1074 2698 1090 2752 ss
1128 2701 1213 2741 603
1259 2694 1542 2739 Harmoniae
1581 2694 1679 2738 1²6²
1727 2695 1844 2740 Har-

157 2782 336 2828 monies
367 2787 413 2827 Π
442 2782 706 2831 Harmonae
737 2788 771 2827 Β
802 2783 1083 2829 Hermionae
1115 2789 1218 2827 ScG
1247 2784 1358 2828 Beh.
1395 2789 1420 2827 1
1452 2783 1727 2827 Hermiones
1759 2788 1845 2827 111·

159 2842 270 2887 Βοὴ.
303 2847 335 2888 ,2
359 2844 376 2898 [Ι
400 2848 484 2887 605
516 2844 656 2900 tegea
679 2843 982 2886 PGssscGHT
1012 2845 1182 2900 tegaea
1204 2847 1237 2886 B
1263 2844 1319 2897 cf.
1352 2843 1427 2886 VI
1450 2847 1539 2889 610
1562 2846 1579 2900 ΙΙ
1602 2848 1687 2888 607
1720 2857 1846 2887 mae-

160 2903 342 2946 rentum
377 2902 666 2960 Peyraredus
