1976 3126
1888 0 1976 72 w

220 198 330 252 252
695 178 699 180 ’
788 199 1102 247 P.PAP1N11
1132 200 1329 246 sTATn

218 321 628 391 Hippomedon,
666 323 901 375 intactus
941 322 1095 392 aquis
1142 341 1467 392 umerosque
1504 342 1824 394 manusque,

218 394 450 449 Miratur
493 397 725 449 crevisse
765 396 962 449 vadum
1003 414 1225 466 seseque
1265 396 1542 451 minorem.

218 468 361 522 Hinc
403 473 565 539 atque
605 470 734 523 hinc
772 469 968 522 tumidi
1007 470 1200 523 fluctus
1243 471 1592 540 animosaque
1632 472 1807 542 surgit
1928 530 1929 533 Ἴ

218 542 538 613 Tempestas
577 543 752 596 instar
790 544 995 614 pelagi,
1036 561 1156 596 cum
1194 544 1413 598 Pliadas
1451 544 1636 598 haurit
1821 559 1907 600 460

217 616 332 669 Aut
369 619 588 688 nigrum
627 618 857 688 trepidis
897 618 1155 688 impingit
1195 617 1401 672 Oriona
1438 616 1634 672 nautis.

215 690 342 744 Non
383 710 535 745 secus
577 710 841 761 aequoreo
881 692 1051 745 iactat
1088 691 1404 746 Teumesius
1445 694 1620 745 amnis

215 765 659 835 Hippomedonta
699 767 837 835 salo,
878 783 1194 835 semperque
1232 767 1467 820 umbone
1507 767 1729 821 sinistro

216 839 454 893 Tollitur
494 843 548 892 et
587 839 821 908 clipeum
859 841 1113 910 nigrante
1155 842 1466 910 supervenit
1505 844 1657 894 aestu
1909 894 1912 896 ,

215 910 480 982 Spumeus
522 914 828 984 adsultans,
867 914 1149 984 fractaque
1187 915 1490 968 refunditur
1528 915 1672 968 unda
1822 927 1906 970 465

214 988 288 1041 Et
328 988 540 1041 cumulo
581 988 786 1041 maiore
825 988 989 1058 redit3
1029 1006 1128 1042 nec
1166 990 1308 1042 mole
1345 989 1575 1059 liquenti
1935 987 1943 1064 ‘f

216 1060 515 1115 Contentus
557 1062 734 1130 carpit
771 1066 958 1131 putres
1000 1063 1274 1116 servantia
1311 1062 1463 1133 ripas
1938 1065 1945 1096 ἱ

212 1135 455 1189 Arbusta
495 1155 834 1205 annosasque
873 1137 1057 1189 trabes
1099 1137 1376 1206 eiectaque
1413 1136 1580 1190 fundo

216 1210 360 1262 Saxa
399 1213 560 1272 rotat.
638 1209 764 1263 Stat
801 1228 986 1281 pugna
1025 1211 1203 1280 impar
1243 1212 1525 1282 amnisque
1564 1211 1797 1281 virique,

212 1283 540 1355 Indignante
580 1284 705 1353 de03
742 1302 841 1337 nec
883 1285 1028 1337 enim
1067 1285 1161 1337 dat
1200 1288 1357 1355 terga
1395 1303 1493 1338 nec
1531 1285 1660 1337 ullis
1819 1298 1905 1339 470
1940 1343 1944 1346 ,

211 1356 508 1429 Frangitur
547 1359 638 1410 ille
677 1358 840 1411 minis
852 1400 866 1429 ,
905 1360 1290 1430 venientesque
1331 1359 1522 1413 obvius
1563 1359 1736 1412 undas

209 1431 387 1486 Intrat
426 1437 481 1486 et
521 1433 734 1485 obiecta
775 1432 1018 1503 dispellit
1056 1433 1280 1486 flumina
1317 1452 1523 1504 parma.

211 1504 373 1559 Stant
411 1510 559 1559 terra
596 1507 841 1576 fugiente
883 1507 1083 1578 gradus
1094 1550 1108 1577 ,
1149 1511 1203 1561 et
1240 1508 1447 1577 poplite
1486 1511 1642 1561 tenso

210 1580 446 1634 Lubrica
487 1599 618 1634 saxa
657 1584 828 1650 tenet,
869 1581 1204 1650 genibusque
1246 1582 1477 1635 obnixus
1519 1585 1573 1634 et
1610 1581 1837 1635 haerens

211 1653 448 1707 Subruta
487 1655 674 1707 fallaci
714 1658 895 1707 servat
934 1656 1169 1725 vestigia
1206 1655 1362 1725 limo,
1816 1668 1900 1708 475

211 1726 298 1780 Sic
340 1729 507 1782 etiam
547 1729 905 1796 increpitans:
955 1727 1136 1782 ‘Unde
1175 1729 1333 1798 haec,
1372 1728 1610 1798 Ismene,
1649 1733 1866 1798 repente

208 1801 298 1854 Ira
336 1802 478 1855 tibi‘?
522 1820 692 1871 quove
731 1803 833 1854 has
873 1802 1095 1855 traxisti
1137 1804 1353 1873 gurgite
1392 1803 1565 1872 vireS,

206 1874 429 1928 Imbelli
467 1875 730 1929 famulate
770 1877 868 1929 deo
910 1877 1194 1946 solumque
1234 1895 1478 1930 cruorem

206 1948 479 2003 Femineis
520 1953 739 2020 experte
781 1950 985 2019 choris,
1025 1969 1144 2003 cum
1184 1949 1453 2004 Bacchica
1491 1951 1668 2021 mugit

208 2023 392 2077 Buxus
436 2027 490 2076 et
528 2025 754 2076 insanae
795 2025 1072 2077 maculant
1110 2025 1393 2078 trieterida
1430 2024 1696 2078 matres‘P'
1817 2037 1901 2079 480
1947 2062 1950 2071 ·

207 2097 458 2168 Dixerat3
502 2102 666 2167 atque
705 2098 790 2150 illi
832 2116 947 2150 sese
988 2099 1116 2151 deus
1158 2099 1360 2152 obtulit
1397 2099 1544 2152 ultro

209 2171 480 2225 Turbidus
520 2172 695 2225 imbre
736 2190 902 2243 genas
944 2176 999 2226 et
1036 2173 1180 2225 nube
1219 2173 1460 2227 natantis
1500 2173 1755 2243 harenae,

206 2245 322 2299 Nec
363 2246 536 2299 saevit
575 2246 758 2316 dictis,
796 2250 990 2299 trunca
1030 2246 1123 2299 sed
1162 2250 1386 2317 pectora
1426 2265 1623 2316 quercu

205 2319 310 2371 Ter
352 2323 545 2388 quater
586 2320 846 2389 oppositi,
886 2323 1151 2389 quantum
1190 2322 1274 2374 ira
1311 2321 1546 2390 deusque
1585 2322 1827 2388 valebat,

203 2392 433 2462 Impulit
473 2395 797 2464 adsurgens.
837 2394 1057 2447 tandem
1096 2395 1330 2465 vestigia
1368 2395 1517 2447 flexit
1812 2404 1896 2446 485

322 2514 410 2554 460
450 2509 637 2567 pliadas
676 2513 786 2552 Bc'r
826 2510 938 2554 Beh.
970 2513 1001 2555 2
1036 2510 1239 2577 plyadas
1270 2514 1312 2553 Η
1351 2509 1568 2568 pleiadas
1600 2515 1677 2553 PG
1714 2508 1896 2567 pliades

199 2568 311 2615 Beh.
346 2574 372 2614 1
414 2572 471 2624 cf.
513 2569 597 2613 IV
635 2573 729 2614 120
767 2571 783 2626 ΙΙ
821 2573 906 2612 462
947 2567 1071 2625 ignis
1103 2575 1136 2612 P
1175 2571 1190 2626 ΙΙ
1228 2574 1315 2614 467
1354 2570 1598 2627 carpitque
1629 2570 1854 2614 Barthius

202 2633 289 2673 468
314 2628 550 2672 Ambusta
564 2633 598 2671 P
614 2642 690 2685 pr.
716 2643 773 2672 m.
803 2630 810 2684 Ι
838 2629 1093 2684 euectaque
1117 2629 1427 2674 Baehrensius
1449 2631 1464 2687 ΙΙ
1488 2634 1575 2674 470
1598 2642 1686 2672 nec
1709 2627 1805 2671 illis
1828 2631 1860 2669 P

199 2692 286 2732 473
322 2687 429 2731 Stat
458 2693 491 2730 P
515 2688 530 2745 ss
553 2692 642 2732 474
680 2689 812 2731 tenet
842 2691 921 2729 PG
953 2689 1049 2734 edd.
1083 2693 1184 2732 vett
1216 2689 1381 2732 tenent
1410 2692 1482 2731 Bs
1516 2688 1635 2733 Gozb.
1670 2693 1702 2730 Τ
1732 2685 1895 2731 natant

201 2762 228 2800 p
259 2747 371 2792 Beh.
415 2751 500 2801 εΗ
538 2747 668 2792 Leid.
713 2747 908 2791 Gronov.
934 2747 950 2803 ΙΙ
973 2751 1060 2791 478
1107 2746 1365 2791 famulante
1396 2763 1423 2802 p
1461 2747 1601 2792 Behh.
1634 2748 1731 2792 edd.
1760 2744 1892 2803 ideo,

200 2819 431 2862 suprascr.
481 2820 514 2852 s,
555 2806 674 2850 baco
714 2811 747 2848 P
785 2807 801 2862 ss
839 2810 926 2851 480
966 2805 1215 2850 trieterida
1254 2810 1370 2860 PBg
1407 2808 1505 2852 edd.
1545 2810 1644 2851 vett.
1686 2806 1743 2860 cf.
1782 2802 1892 2847 Aeh.

201 2865 238 2907 I
268 2867 358 2910 595
391 2864 634 2909 trieterica
667 2869 747 2908 SM
778 2863 1024 2909 triaterica
1055 2870 1122 2908 οῦ
1153 2866 1264 2911 Beh.
1297 2863 1574 2910 triatericha
1604 2869 1636 2907 Τ
1658 2866 1674 2922 ΙΙ
1696 2867 1784 2910 484
1817 2873 1893 2906 va-

200 2922 337 2967 lebat
366 2929 399 2967 P
430 2924 656 2970 valebant
687 2926 821 2970 ceteri
