1976 3094
626 138 969 187 THEBAIDOS
1001 138 1110 184 LIB.
1144 137 1221 183 IV.
1702 137 1772 191 87

82 263 313 321 Adsueti
349 281 624 334 vacuoque
663 262 801 317 diem
843 261 1191 332 praecingere
1230 276 1379 331 gyr0.

84 339 210 412 Ipse
249 338 404 395 annis
445 337 779 408 sceptrisque
819 336 966 390 subit
1004 334 1331 389 venerabilis
1372 350 1563 405 aeque:

15 483 16 487 Ἰ
82 413 160 469 Ut
197 429 448 486 possessa
486 412 576 466 diu
614 414 801 466 taurus
841 412 987 464 meat
1026 409 1221 463 arduus
1261 408 1400 462 inter

31 512 48 558 .'
87 486 293 543 Pascua
329 487 440 541 iam
479 486 604 540 laxa
641 485 847 541 cervice
887 486 942 538 et
979 483 1230 537 inanibus
1271 482 1460 551 armis,
1717 494 1772 536 70

86 559 208 617 Dux
246 565 449 616 tamen:
487 560 623 615 haut
661 560 816 615 illum
856 558 999 613 bello
1040 560 1366 626 attemptare
1405 555 1646 611 iuvencis

90 633 227 691 Sunt
266 635 454 706 animi3
494 653 621 690 nam
659 637 854 688 trunca
890 632 1078 687 vident
1117 632 1181 685 de
1221 632 1438 685 vulnere
1477 630 1646 685 multo

89 707 303 766 Cornua
342 713 398 764 et
435 709 683 781 ingentes
722 709 1008 779 plagarum
1046 708 1102 760 in
1141 710 1356 776 pectore
1395 704 1581 759 nodos.

160 784 416 839 Proxima
453 784 720 855 longaevo
759 781 967 853 profert
1005 780 1263 835 Dircaeus
1296 779 1535 834 Adrasto

13 921 15 929 Ι
88 855 256 931 Signa
293 875 480 930 gener,
519 858 606 913 cui
645 857 788 911 bella
829 857 1038 926 favent,
1078 855 1163 909 cui
1202 854 1510 909 commodat
1547 854 1657 907 iras
1719 865 1774 906 ‘¹15

87 930 296 988 Cuncta
335 932 548 987 cohors:
588 931 713 986 huic
754 934 807 985 et
845 931 1023 1001 patria
1062 930 1126 984 de
1167 929 1292 983 sede
1331 929 1575 983 volentes

84 1005 366 1062 Advenere
405 1006 532 1076 viri,
574 1024 668 1061 seu
710 1023 845 1076 quos
884 1007 1067 1058 movet
1105 1004 1228 1058 exul
1269 1006 1323 1057 et
1360 1002 1538 1056 haesit

87 1079 359 1136 Tristibus
401 1083 562 1136 aucta
598 1080 729 1134 fides
738 1122 751 1149 ,
792 1098 886 1133 seu
926 1079 1047 1149 quis
1087 1080 1298 1132 mutare
1337 1080 1589 1147 potentes

83 1152 462 1227 Praecipuum,
502 1155 685 1224 multi,
725 1155 915 1208 melior
954 1171 1089 1224 quos
1130 1170 1292 1206 causa
1331 1150 1581 1222 querenti

84 1226 374 1300 Conciliat3
415 1229 634 1284 dederat
670 1246 769 1283 nec
807 1246 917 1282 non
957 1245 1108 1282 socer
1147 1228 1262 1297 ipse
1302 1225 1564 1297 regendas
1718 1238 1776 1280 80

84 1302 300 1376 Aegion
338 1304 680 1375 Arenenque,
724 1307 779 1357 et
818 1321 954 1373 quas
993 1300 1225 1355 Theseia
1263 1299 1505 1354 Troezen

84 1377 254 1432 Addit
291 1395 443 1448 opes,
482 1396 549 1432 ne
587 1396 713 1431 rara
750 1394 973 1431 movens
1013 1375 1280 1447 inglorius
1320 1374 1426 1428 iret

83 1451 343 1524 Agmina,
381 1470 486 1507 neu
523 1456 711 1522 raptos
751 1451 961 1522 patriae
999 1450 1226 1503 sentiret
1262 1449 1511 1503 honores.

83 1523 234 1581 Idem
273 1526 517 1597 habitus,
555 1526 744 1580 eadem
785 1544 938 1579 arma
976 1525 1115 1593 vir0‚
1156 1542 1292 1594 quae
1330 1523 1543 1576 debitus
1575 1521 1775 1592 hospes

84 1599 330 1655 Hiberna
369 1600 469 1655 sub
507 1603 664 1655 nocte
703 1600 855 1654 tulit:
894 1598 1211 1653 Teumesius
1251 1597 1446 1667 implet
1719 1608 1776 1650 85

85 1672 265 1746 Terga
302 1675 388 1729 leo
428 1678 484 1729 et
521 1675 739 1747 gemino
778 1674 959 1728 lucent
996 1672 1218 1727 hastilia
1254 1671 1422 1741 ferro,

87 1746 300 1818 Aspera
339 1749 592 1804 vulnifico
626 1749 814 1803 subter
851 1749 994 1802 latus
1035 1765 1162 1801 ense
1200 1746 1344 1817 riget
1383 1744 1605 1815 Sphinx.

89 1820 208 1875 Iam
244 1839 473 1893 regnum
510 1823 807 1894 matrisque
847 1823 995 1876 sinus
1035 1821 1274 1891 fidasque
1314 1838 1527 1874 sorores

90 1893 198 1967 Spe
235 1897 484 1967 votisque
522 1900 692 1967 tenet,
729 1901 911 1951 tamen
951 1900 1006 1949 et
1045 1896 1110 1950 de
1149 1899 1301 1949 turre
1340 1912 1593 1964 suprema
1647 1932 1650 1936 ,

89 1969 401 2024 Attonitam
438 1973 663 2041 totoque
703 1974 975 2024 extantem
1015 1988 1236 2040 corpore
1277 1970 1439 2039 longe
1719 1981 1775 2021 90

86 2043 329 2114 Respicit
367 2044 599 2116 Argian3
638 2044 772 2098 haec
810 2047 1047 2098 mentem
1087 2044 1376 2113 oculosque
1414 2042 1625 2096 reducit

87 2115 347 2190 Coniugis
387 2122 444 2172 et
481 2119 661 2172 dulces
702 2119 900 2172 avertit
937 2121 1155 2187 pectore
1193 2117 1424 2172 Thebae.

62 2218 65 2219 ⁷
162 2191 302 2247 Ecce
341 2192 484 2246 inter
522 2193 728 2246 medios
767 2193 980 2262 patriae
1019 2191 1126 2245 ciet
1164 2192 1384 2261 agmina
1424 2190 1602 2261 gentis

86 2263 399 2320 Fulmineus
441 2266 678 2336 Tydeus,
717 2267 827 2320 iam
865 2267 1042 2320 laetus
1082 2268 1137 2319 et
1176 2266 1387 2335 integer
1426 2267 1599 2330 artuS,

88 2337 166 2393 Ut
202 2340 409 2411 primae
451 2344 726 2410 strepuere
766 2341 952 2394 tubae:
993 2357 1087 2393 ceu
1128 2339 1366 2392 lubricus
1407 2339 1522 2392 alta
1721 2352 1776 2392 95

103 2470 106 2474 ι
209 2506 264 2547 ‘17
291 2515 357 2558 sq.
409 2500 506 2546 ‘vel
552 2513 666 2556 quos
700 2527 755 2533 —
787 2499 922 2544 fides’
973 2500 1123 2545 Serv.
1172 2499 1233 2544 ad
1278 2499 1394 2544 Aen.
1443 2498 1528 2544 VII
1576 2503 1679 2546 648.
1717 2523 1776 2534 —

89 2563 160 2605 82.
195 2559 274 2605 ‘ne
303 2573 451 2618 parva
482 2585 538 2592 —
570 2560 677 2604 iret'
715 2559 860 2604 Serv.
894 2558 957 2603 ib.

208 2698 265 2739 '16
281 2693 446 2738 Iuncta
461 2694 771 2738 Baehrensius
785 2694 801 2751 Η
818 2697 873 2737 ’Π
889 2691 967 2736 vel
984 2705 1098 2748 quos
1118 2691 1239 2737 Serv.
1263 2692 1337 2758 [et
1354 2690 1472 2735 actis
1491 2692 1741 2736 Muellerus
1765 2701 1768 2722 ⁶

91 2754 149 2798 88
178 2765 238 2798 ne
267 2765 417 2820 parva
447 2768 508 2797 m.
541 2751 571 2796 i.
605 2765 736 2796 arma
773 2750 865 2795 iret
895 2751 1016 2797 Serv.
1041 2752 1058 2808 ΙΙ
1081 2756 1139 2796 84
1170 2751 1334 2795 devms
1370 2751 1661 2810 Peyraredus
1682 2753 1698 2806 u
1722 2755 1779 2796 86

91 2810 142 2856 et
228 2825 358 2857 mmo
380 2816 458 2855 PG
489 2811 677 2870 gemino
702 2812 867 2869 reliqui
888 2812 905 2867 ΙΙ
928 2816 985 2856 90
1009 2810 1266 2854 instantem
1288 2815 1321 2852 P
1344 2813 1359 2866 ss
1384 2815 1442 2854 94
1465 2809 1651 2866 integer
1675 2808 1779 2854 ausi

97 2867 149 2916 Ο.
245 2872 475 2916 dmawnus
496 2874 512 2928 ΙΙ
536 2875 593 2916 95
623 2871 799 2927 primae
829 2874 862 2912 P
892 2869 1096 2927 primum
1127 2870 1261 2915 ceteri
