2020 3106
677 150 1084 200 ACHILLEIDOS
1125 151 1178 197 L.
1210 149 1268 195 11.
1746 141 1819 194 49

122 277 258 334 Oum
296 294 382 331 me
420 276 516 330 ille
555 275 885 342 immissum,
924 291 1030 343 qua
1069 271 1281 326 saevior
1318 270 1553 339 impetus
1593 267 1782 336 undae,

123 351 280 406 Stare
316 350 468 403 iubet
506 350 693 403 contra
731 346 1075 415 tumidosque
1113 344 1372 414 repellere
1410 342 1627 410 fluctus,

125 424 273 489 Quos
313 424 404 477 vix
442 422 557 492 ipse
597 420 768 492 gradu
807 420 1011 474 totiens
1051 419 1305 473 obstante
1344 416 1577 469 tulisset.

34 515 101 550 Ὶ435
126 497 349 552 Stabam
388 495 659 566 equidem,
698 494 790 547 sed
830 510 916 547 me
956 492 1228 546 referebat
1268 490 1511 544 concitus
1552 487 1726 541 amnis

34 574 35 627 ζ
125 570 200 624 Et
238 570 384 624 latae
423 569 601 639 caligo
639 567 824 638 fugae:
862 567 1010 619 ferus
1050 565 1141 618 ille
1182 564 1378 617 minari
1742 574 1824 613 150

7 647 10 656 '
125 643 371 712 Desuper
408 641 725 696 incumbens
766 640 1053 709 verbisque
1092 655 1284 708 urgere
1323 635 1601 706 pudorem.

126 716 239 772 Nec
277 715 383 769 nisi
421 714 601 769 iussus
642 714 755 767 abi:
797 713 875 767 sic
913 731 999 767 me
1039 711 1288 765 sublimis
1329 710 1529 780 agebat

34 812 35 817 ¹
129 789 339 859 Gloria,
374 806 473 842 nec
512 788 631 842 duri
670 790 827 841 tanto
869 787 969 840 sub
1008 788 1148 838 teste
1189 784 1421 838 labores,

34 878 110 915 »uo
131 861 275 916 Nam
314 862 502 931 procul
541 859 795 915 Oebalios
834 860 892 912 in
929 859 1118 912 nubila
1155 857 1383 911 condere
1422 857 1596 910 discos

62 959 63 962 ¹
131 935 207 990 Et
245 934 508 1005 liquidam
547 934 748 988 nodare
787 933 957 986 Palen
996 936 1050 985 et
1090 947 1343 1001 spargere
1382 934 1619 997 caestus,
1744 941 1827 982 155

132 1008 314 1063 Ludus
355 1011 472 1062 erat
509 1008 826 1077 requiesque
865 1006 1023 1075 mihi;
1060 1023 1159 1058 nec
1197 1004 1373 1058 maior
1411 1003 1468 1056 in
1506 1003 1627 1056 istis

136 1081 332 1151 Sudor,
372 1080 661 1150 Apollineo
700 1099 862 1151 quam
900 1080 995 1133 fila
1034 1078 1287 1133 sonantia
1325 1078 1531 1146 plectro

137 1154 274 1210 Cum
315 1157 595 1224 quaterem
635 1155 947 1224 priscosque
987 1153 1165 1206 virum
1205 1151 1431 1204 mirarer
1468 1150 1718 1204 honores,

0 1271 1 1274 ,
36 1244 115 1280 ⁴45
139 1227 284 1291 Quin
322 1228 487 1282 etiam
525 1245 683 1282 sucos
724 1230 885 1296 atque
925 1226 1246 1280 auxiliantia
1284 1224 1487 1279 morbis

136 1301 416 1369 Gramina,
457 1319 562 1371 quo
601 1301 801 1354 nimius
842 1303 1016 1354 staret
1053 1299 1407 1352 medicamine
1449 1297 1693 1367 sanguis,
1743 1310 1826 1350 160

44 1414 46 1418 »
137 1374 276 1438 Quid
313 1373 481 1428 faciat
519 1391 762 1442 somnos,
801 1373 930 1443 quid
968 1373 1180 1427 hiantia
1218 1372 1442 1425 vulnera
1481 1370 1721 1438 claudat,

139 1447 287 1511 Quae
323 1447 467 1502 ferro
507 1447 809 1501 cohibenda
848 1447 988 1515 lueS,
1028 1464 1166 1516 quae
1206 1445 1420 1499 cederet
1455 1444 1661 1512 herbis,

46 1571 53 1579 .
140 1520 396 1591 Edocuit,
434 1521 778 1590 monitusque
820 1538 1005 1573 sacrae
1045 1520 1145 1573 sub
1184 1523 1403 1589 pectore
1440 1518 1560 1571 fixit

36 1611 120 1646 «σο
135 1593 414 1664 Iustitiae,
453 1612 560 1664 qua
597 1593 830 1647 Peliacis
869 1593 996 1647 dare
1036 1594 1155 1646 iura
1194 1592 1426 1645 verenda

139 1665 405 1720 Gentibus
452 1670 615 1737 atque
655 1685 781 1721 suos
822 1667 1015 1721 solitus
1054 1666 1272 1736 placare
1310 1665 1586 1718 biformes.
1748 1678 1832 1718 165

97 1750 104 1753 χ
142 1739 417 1794 Hactenus
456 1758 743 1810 annorum,
783 1740 1028 1809 comiteS,
1068 1739 1338 1792 elementa
1376 1756 1617 1791 meorum

142 1811 217 1866 Et
253 1814 475 1867 memini
514 1817 570 1867 et
609 1814 917 1867 meminisse
957 1814 1124 1866 iuvat:
1166 1813 1271 1866 scit
1309 1815 1488 1865 cetera
1527 1810 1736 1864 mater?

263 1961 348 2002 149
381 1957 463 2002 sed
493 1970 568 2002 me
599 1962 632 2000 P
663 1970 748 2002 nec
779 1971 853 2002 me
888 1958 1021 2002 ceteri
1043 1958 1060 2013 ΙΙ
1089 1970 1243 2002 versus
1274 1960 1364 2002 150
1386 1970 1477 2014 sqq.
1509 1957 1563 2000 in
1592 1959 1650 1997 Pe
1682 1955 1740 2000 al.
1776 1970 1833 2001 m.

146 2014 311 2061 adiecti
339 2019 461 2061 sunt.
495 2017 502 2071 1
532 2021 616 2060 150
646 2015 789 2072 fugae
819 2020 852 2058 P
898 2016 1002 2060 viae
1033 2016 1167 2060 ceteri
1192 2018 1199 2072 Ι
1227 2029 1312 2060 nec
1343 2029 1418 2059 me
1449 2014 1683 2059 referebat
1713 2028 1749 2058 c.
1777 2028 1837 2070 a.,

148 2073 228 2119 Set
255 2073 286 2119 l.
320 2087 357 2120 c.
388 2074 492 2119 viae
522 2074 831 2119 Baehreusius
866 2075 883 2131 ΙΙ
924 2079 1007 2118 152
1041 2073 1119 2118 abi
1150 2073 1252 2116 G⁹G
1290 2074 1388 2118 abii
1425 2078 1612 2127 Propn
1641 2075 1647 2129 1
1677 2072 1838 2117 alebat

145 2130 452 2178 Baehreusius
474 2134 491 2190 ΙΙ
516 2138 600 2178 153
631 2134 787 2177 tantos
817 2137 850 2175 P
872 2133 888 2189 ΙΙ
915 2137 999 2177 155
1030 2132 1203 2177 nodare
1227 2137 1260 2174 1³
1289 2132 1486 2177 Gronov.
1510 2131 1687 2176 nudare
1711 2131 1838 2174 PcG²

147 2189 278 2236 Leia.
315 2195 413 2234 Em
457 2193 566 2236 olim
605 2193 875 2247 scripseram
912 2192 1040 2235 Mus.
1071 2190 1216 2236 Rheu-
1252 2191 1414 2234 XXX
1434 2204 1486 2246 p.
1519 2193 1611 2234 635
1632 2203 1696 2247 sq.
1737 2191 1837 2234 coll.

157 2247 286 2306 Vera.
315 2250 433 2296 Aen.
458 2250 565 2294 III
591 2252 685 2295 281
712 2250 789 2294 Ge.
817 2251 889 2293 II
917 2253 1002 2294 531
1032 2252 1039 2305 Ι
1069 2253 1153 2294 158
1178 2249 1445 2294 modularer
1467 2249 1666 2294 honores
1688 2249 1838 2292 Baeh-

149 2311 325 2353 τυπείης
346 2309 363 2365 ΙΙ
389 2313 469 2354 161
495 2309 691 2353 vulnera
713 2309 855 2353 ducat
869 2308 1095 2353 Heinsius
1116 2309 1133 2365 ΙΙ
1159 2313 1242 2352 165
1265 2308 1454 2365 placare
1476 2312 1564 2350 Pl
1586 2321 1755 2364 pacare
1780 2307 1839 2349 (3²

149 2368 208 2409 Pe
227 2365 471 2425 {biformes
493 2367 689 2410 PG²GE
718 2367 998 2412 bimembres
1030 2371 1122 2421 Pop
1154 2368 1252 2412 edd.
1269 2367 1495 2411 verendos
1521 2372 1557 2409 D
1581 2367 1706 2445 “¹167
1730 2366 1835 2409 EX-

151 2452 347 2499 Pmcl'r
380 2453 437 2497 οἳ
484 2455 551 2499 In
574 2459 607 2497 r
629 2455 763 2500 mazza
792 2459 939 2500 exstat
960 2456 1235 2511 subscmptio
1259 2454 1467 2500 expmc
1497 2454 1533 2498 L
1547 2455 1619 2498 113
1651 2444 1838 2500 srecfi

153 2510 282 2558 Leia.
346 2513 460 2558 Post
495 2514 618 2558 huuc
647 2526 824 2558 versum
846 2515 1068 2570 permulti
1110 2514 1220 2559 libri
1256 2514 1427 2558 novicii
1462 2514 1676 2570 (plurimi
1708 2514 1837 2557 Mus.

152 2568 444 2626 Britannici,
485 2572 581 2617 cod.
629 2571 852 2617 Gronovii
890 2576 952 2618 87
981 2574 1109 2627 (olim
1146 2572 1594 2627 Rottendorfianus),
1641 2572 1836 2625 Erford.

154 2627 332 2696 Rati-eb.
371 2630 536 2675 Dresd.
577 2631 706 2687 apud
738 2630 1002 2688 Queckium)
1038 2632 1175 2676 verba
1211 2631 1375 2687 spuria
1406 2631 1651 2686 praebent:
1693 2630 1840 2674 ‘Aura

155 2686 282 2743 silet,
312 2689 482 2746 puppis
506 2702 693 2733 currens
724 2689 785 2733 ad
814 2689 955 2734 litora
982 2690 1148 2744 venit',
1178 2690 1369 2746 quaein
1391 2694 1426 2731 D
1458 2690 1609 2733 versui
1633 2692 1725 2733 167
1755 2703 1839 2733 au-

155 2748 432 2803 temnuntur
438 2764 456 2802 ,-
486 2748 581 2792 iam
601 2748 782 2804 pridem
812 2762 843 2792 a
872 2750 986 2793 viris
1015 2750 1159 2794 doctis
1188 2751 1417 2804 expuncta
1450 2752 1570 2793 sunt.

24 2915 32 3016 Ι
248 2942 387 2976 ΒτΑτιι
409 2945 643 2980 Acmnmns.
1457 2943 1485 2981 4
