1988 3106
113 175 181 226 12
315 170 317 172 ’
723 175 772 218 Ρ.
804 173 1033 218 PAPINII
1063 173 1263 218 STATH

111 293 276 346 Pone:
315 296 411 346 tua
450 297 548 347 est.
623 294 750 346 licet
788 293 1088 362 expositum
1125 309 1222 361 per
1258 292 1426 344 limen
1463 294 1650 360 aperto

110 366 209 434 Ire,
247 366 420 419 redire
460 367 653 437 gradu:
691 367 799 419 iam
837 383 1101 434 nusquam
1140 365 1339 418 ianitor
1379 367 1472 417 aut
1507 366 1591 418 lex
1815 377 1870 418 35
1943 414 1948 437 ς
1985 417 1988 424 ,

109 439 222 492 Aut
259 440 447 508 pudor.
523 440 769 508 amplexu
807 439 1026 491 tandem
1066 439 1261 491 satiare
1300 438 1468 507 petito

110 511 432 582 (Contigitt)
473 515 526 565 et
564 514 723 566 duras
762 513 963 581 pariter
999 511 1338 564 reminiscere
1376 514 1578 564 noctes·

109 584 288 655 Digna
327 586 541 654 quidem
579 587 888 654 merccS,‘et
927 585 975 638 si
1010 585 1112 637 tibi
1151 585 1287 638 Iuno
1324 584 1536 637 labores

108 658 415 727 HerculeOS‚
455 658 660 728 Stygiis
700 662 754 711 et
793 659 838 711 si
877 675 1187 711 concurrere
1226 658 1482 711 monstris

108 731 245 784 Fata
283 733 487 801 darent,
527 734 572 785 si
613 731 860 800 Cyaneos
897 749 1144 799 raperere
1183 750 1278 800 per
1317 733 1510 784 aestus.
1817 742 1875 783 40

108 803 263 858 Hanc
301 809 520 874 propter
556 806 698 858 tanti
735 805 926 858 Pisaea
963 805 1082 874 lege
1121 807 1436 857 trementem

109 877 331 931 Currere
370 882 424 930 et
462 878 721 932 Oenomai
757 878 1004 930 fremitus
1044 878 1224 930 audire
1263 878 1549 946 sequentis,

107 950 222 1004 Nec
262 952 308 1005 si
345 951 623 1004 Dardania
660 954 847 1020 pastor
884 951 1197 1004 temerarius
1235 950 1332 1003 Ida

111 1023 362 1093 SedisseS‚
400 1025 532 1078 haec
572 1026 713 1078 dona
749 1024 942 1090 forent,
980 1042 1078 1076 nec
1118 1025 1163 1076 si
1203 1024 1344 1077 alma
1382 1042 1478 1092 per
1517 1042 1673 1076 auras

109 1097 186 1149 Te
224 1099 403 1167 potius
442 1117 697 1166 prensum
736 1098 986 1151 aueheret
1023 1097 1282 1150 Tithonia
1321 1098 1462 1166 biga.
1817 1109 1874 1150 45

110 1169 213 1223 Sed
251 1189 385 1240 quae
425 1189 583 1224 causa
623 1175 771 1224 toros
812 1171 1138 1239 inopinaque
1177 1171 1374 1240 gaudia
1409 1170 1524 1223 uati

107 1244 323 1311 Attulit,
359 1244 448 1297 hic
487 1263 710 1313 mecum,
749 1244 876 1296 dum
913 1244 1125 1296 seruent
1163 1244 1379 1313 agmine
1416 1247 1597 1312 postes

109 1316 366 1386 Atriaque
406 1322 460 1370 et
498 1319 667 1371 multa
704 1318 990 1386 pulsantur
1028 1317 1215 1370 limina
1254 1317 1424 1387 uirga,

109 1390 228 1459 Hic,
265 1390 435 1444 Erato
476 1391 717 1460 iocunda,
757 1391 901 1443 doce.
977 1393 1139 1443 uacat
1176 1393 1304 1459 apta
1343 1407 1556 1444 mouere

111 1461 408 1533 Colloquia‚
446 1467 499 1516 et
537 1465 680 1516 docti
718 1466 919 1516 norunt
957 1464 1137 1515 audire
1175 1469 1410 1532 penates,
1819 1476 1875 1518 50

108 1535 151 1608 Ε
157 1541 284 1605 orte,
323 1541 551 1590 serenati
593 1556 698 1606 qua
737 1540 846 1589 stat
884 1536 1049 1606 plaga
1084 1537 1259 1589 lactea
1297 1537 1448 1605 caeli,

109 1609 272 1662 Alma
310 1609 492 1663 Uenus
531 1611 771 1663 thalamo
811 1611 966 1679 pulsa
1004 1610 1164 1662 modo
1204 1612 1361 1663 nocte
1399 1611 1611 1663 iacebat

110 1683 373 1751 Amplexu
413 1684 544 1736 duro
585 1682 758 1736 Getici
801 1683 1037 1735 resoluta
1075 1683 1270 1735 mariti.
1924 1747 1926 1750 Ι

109 1755 303 1809 Fulcra
340 1760 592 1826 torosque
631 1757 758 1808 deae
795 1759 1039 1809 tenerum
1076 1757 1274 1824 premit
1315 1773 1510 1826 agmen
1549 1756 1834 1826 Amorum3

112 1827 278 1898 Signa
315 1833 504 1898 petunt
543 1848 673 1898 quas
711 1829 849 1881 ferre
888 1829 1047 1898 faces,
1085 1847 1219 1898 quae
1257 1833 1477 1898 pectora
1513 1830 1608 1900 figi
1704 1859 1712 1865 ·
1817 1844 1873 1884 55

109 1901 367 1971 Imperet3
409 1921 478 1955 an
517 1903 676 1955 terris
717 1903 921 1955 saeuire
961 1921 1030 1955 an
1068 1903 1225 1954 malit
1255 1903 1312 1954 in
1351 1904 1521 1971 undiS,

110 1974 199 2027 An
235 1977 456 2029 miscere
495 1976 622 2028 deos
663 1994 732 2028 an
770 1976 944 2028 adhuc
981 1993 1172 2028 uexare
1211 1975 1527 2029 Tonantem.

109 2047 223 2117 Ipsi
263 2050 472 2101 animus
511 2049 746 2101 nondum
786 2067 884 2102 nec
923 2049 1070 2101 cordi
1107 2049 1214 2101 fixa
1251 2051 1520 2102 uoluntaS.

110 2120 276 2175 Fessa
313 2123 453 2175 iacet
491 2123 693 2191 stratis,
730 2123 823 2174 ubi
863 2123 1130 2191 quondam
1169 2123 1384 2176 conscia
1422 2123 1609 2193 culpae

111 2193 334 2248 Lemnia
373 2196 630 2264 deprenso
669 2200 948 2264 repserunt
984 2196 1200 2248 uincula
1238 2196 1476 2249 moecho.
1816 2211 1874 2252 60

111 2268 214 2321 Hic
255 2287 388 2336 puer
427 2286 454 2320 e
492 2269 650 2321 turba
687 2270 979 2332 uolucrum,
1018 2269 1103 2322 cui
1141 2270 1400 2337 plurimus
1437 2269 1579 2338 ignis

113 2340 216 2394 Ore
254 2359 518 2410 manuque
555 2343 662 2394 leui
698 2360 991 2410 numquam
1028 2342 1228 2394 frustra
1266 2346 1386 2394 acta
1424 2343 1638 2412 sagitta,

111 2414 343 2483 Agmine
382 2415 445 2466 de
484 2415 659 2467 medio
698 2418 881 2466 tenera
919 2415 996 2467 sic
1035 2415 1187 2467 dulce
1225 2416 1469 2483 profatur

230 2622 285 2660 36
324 2616 477 2673 potito
519 2620 547 2660 ς
587 2617 602 2672 ΙΙ
641 2620 697 2660 45
736 2630 902 2672 prensa
943 2617 1133 2660 ueheret
1172 2621 1200 2658 c
1231 2631 1272 2670 a,
1316 2618 1501 2661 correxi.
1533 2632 1750 2674 prensum
1778 2620 1875 2664 iam
1906 2634 1937 2690 4

114 2675 397 2719 Parrhasius
426 2677 441 2731 ΙΙ
472 2680 528 2719 46
567 2675 688 2718 uatis
728 2680 776 2729 ῦς
817 2676 870 2719 de
900 2678 937 2716 Δ
966 2687 1061 2718 ‘non
1091 2675 1226 2730 liquet
1249 2677 1265 2730 ΙΙ
1297 2680 1351 2720 60
1383 2677 1574 2720 moecho
1607 2677 1874 2722 Jacobsius:
1924 2694 1932 2715 ἱ

111 2734 232 2778 lecto
279 2739 306 2775 c
353 2749 392 2788 a,
439 2747 526 2790 quo
570 2738 750 2778 seruato
796 2734 1046 2789 deprensae
1093 2733 1338 2786 Handius;
1387 2733 1512 2778 furto
1563 2736 1735 2780 Mar-kl.
1769 2738 1784 2794 ΙΙ
1815 2741 1870 2780 62
1924 2717 1935 2821 ἶ

111 2792 282 2836 frustra
320 2795 426 2836 acta
463 2793 650 2848 scrzpsi:
689 2792 909 2836 frustrata
940 2796 967 2832 c
999 2807 1047 2847 a,
1089 2805 1175 2847 quo
1206 2796 1372 2835 retento
1406 2806 1688 2849 manumque
1720 2796 1870 2839 leuem

111 2851 332 2894 Heinsius
355 2852 370 2906 n
395 2855 448 2895 63
480 2851 688 2907 profatus
720 2866 747 2893 a
