1976 3126
704 159 1049 207 THEBAIDOS
1079 160 1190 207 LIB.
1222 159 1277 207 Χ.
1740 163 1851 218 273

153 283 260 348 Qui
295 300 439 338 nunc
478 286 679 338 eventu
718 282 849 337 belli
887 282 1217 337 tumefactus
1256 282 1536 338 Achaeum

152 356 390 429 Pervigil
431 356 683 412 adservat
720 356 925 411 vallum
965 360 1020 410 et
1056 360 1154 410 tua
1191 357 1311 411 iura
1349 361 1579 412 recusat.

153 430 241 486 Da
278 431 527 502 precibus
566 431 739 486 tantis
781 428 933 501 (rara
971 434 1055 484 est
1091 431 1195 485 hoc
1232 449 1396 502 posse
1433 430 1707 528 facultas),
1765 446 1849 487 130

151 503 542 576 Placatumque
580 505 768 561 Iovem
806 505 997 558 dextra
1034 504 1239 559 Iunone
1279 505 1519 560 merere?

153 577 330 650 Dixit,
370 583 426 634 et
462 579 792 650 increpitans
831 579 1151 650 languentia
1189 584 1413 649 pectora
1451 580 1663 650 dextra,

152 651 236 707 Ne
274 657 502 723 pereant
539 671 719 724 voces,
758 653 1062 723 iterumque
1101 655 1405 724 iterumque
1445 654 1719 710 monebat.

151 726 254 781 Ille
294 727 424 782 deae
463 727 623 783 iussis
663 727 840 796 vultu,
880 745 994 799 quo·
1027 731 1210 797 nutat,
1250 728 1441 782 eodem

152 800 383 873 Adnuit3
423 802 631 857 excedit
670 801 886 872 gravior
925 802 1269 873 nigrantibus
1309 803 1483 856 antris
1761 816 1846 857 135

154 874 258 930 Iris
299 879 355 930 et
393 876 650 931 obtusum
689 876 860 930 multo
901 876 1059 930 iubar
1098 877 1296 931 excitat
1333 877 1513 931 imbri.

226 948 351 1020 Ipse
391 968 603 1021 quoque
643 954 699 1004 et
731 951 1001 1004 volucrem
1036 968 1282 1023 gressum
1313 955 1369 1005 et
1399 955 1627 1005 ventosa
1658 950 1850 1005 citavit

150 1023 442 1096 Tempora,
482 1028 538 1079 et
576 1025 790 1079 obscuri
831 1025 1105 1079 sinuatam
1143 1024 1348 1097 frigore
1387 1026 1520 1079 caeli

151 1097 404 1169 Implevit
441 1098 805 1169 chlamydem,
843 1099 1117 1170 tacitoque
1156 1118 1254 1170 per
1293 1100 1517 1153 aethera
1557 1118 1715 1153 cursu

151 1171 345 1227 Fertur
384 1175 439 1227 et
478 1172 669 1228 Aoniis
709 1173 872 1244 longe
913 1174 1096 1243 gravis
1136 1174 1385 1228 imminet
1424 1174 1586 1228 arvis.
1764 1187 1848 1228 140

155 1246 312 1301 Illius
354 1265 488 1301 aura
527 1248 644 1302 solo
684 1248 929 1301 volucres
968 1248 1306 1318 pecudesque
1345 1249 1596 1318 ferasque

153 1319 429 1391 Explicat,
470 1323 525 1374 et
554 1321 795 1391 penitus,
835 1340 1169 1393 quacumque
1211 1323 1527 1392 supervolat
1565 1323 1775 1391 orbem,

153 1393 439 1466 Languida
479 1395 544 1449 de
584 1396 820 1466 scopulis
862 1396 1047 1450 sidunt
1084 1396 1248 1465 freta,
1288 1397 1497 1466 pigrius
1537 1396 1764 1450 haerent

151 1468 378 1534 Nubila,
418 1469 714 1524 demittunt
753 1473 995 1524 extrema
1025 1470 1307 1524 cacumina
1346 1470 1539 1540 silvae,

151 1542 419 1614 Pluraque
458 1544 662 1598 lassato
702 1544 1010 1598 ceciderunt
1049 1545 1224 1598 sidera
1263 1545 1428 1598 caele.
1764 1557 1848 1598 145

59 1675 65 1680 ,
150 1615 365 1671 Primus
407 1617 594 1672 adesse
633 1618 793 1672 deum
832 1619 1014 1672 subita
1053 1619 1284 1689 caligine
1325 1619 1495 1672 sensit

153 1689 391 1761 Campus
401 1733 416 1761 ,
454 1695 510 1746 et
546 1692 861 1746 innumerae
900 1711 1060 1747 voces
1098 1692 1454 1763 fremitusque
1494 1693 1731 1746 virorum

48 1811 61 1836 ἶ
154 1763 464 1821 Submisere
504 1784 719 1837 sonum3
760 1786 881 1821 cum
921 1785 1048 1821 vero
1088 1768 1401 1821 umentibus
1443 1767 1546 1820 alis

54 1844 58 1847 ’
152 1838 406 1894 Incubuit
442 1840 701 1911 piceaque
740 1841 876 1895 haut
913 1860 1170 1911 umquam
1209 1842 1427 1895 densior
1464 1842 1657 1895 umbra

155 1911 350 1967 Castra
388 1914 557 1982 subit,
598 1932 776 1969 errare
816 1915 958 1969 oculi
995 1917 1340 1985 resolutaque
1380 1916 1543 1985 colla,
1764 1930 1848 1969 150

155 1987 230 2041 Et
269 1987 445 2040 medio
486 1987 672 2041 adfatu
709 1989 877 2042 verba
915 1989 1235 2059 imperfect-a
1273 1990 1523 2059 relinqui.

267 2122 360 2185 ‚128
399 2117 596 2163 acheum
625 2123 658 2162 P
698 2117 916 2163 achivum
946 2123 980 2162 B
1011 2134 1068 2163 m
1101 2133 1184 2164 sec.
1218 2119 1411 2163 G²G111
1447 2122 1464 2177 u
1504 2124 1588 2164 129
1621 2119 1850 2178 Pervigili

154 2182 187 2221 P
221 2179 228 2233 1
262 2176 367 2222 iura
395 2178 614 2222 immor
652 2178 781 2222 iussa
813 2183 893 2222 SM
924 2192 1033 2223 rura
1065 2183 1100 2221 G
1129 2180 1145 2236 ΙΙ
1176 2179 1286 2224 Post
1315 2194 1354 2224 v.
1390 2183 1481 2224 130
1512 2180 1734 2224 inseritur
1771 2180 1845 2224 hic

153 2251 308 2283 versus
338 2239 391 2282 in
421 2253 483 2295 cp:
530 2236 864 2294 Placatamque
895 2237 988 2282 tibi
1017 2237 1242 2283 Iunonem
1274 2237 1473 2296 coniuge
1506 2238 1684 2293 dextro,
1721 2253 1850 2295 quem

147 2297 279 2354 prob.
333 2296 582 2342 Bentleius.
646 2297 795 2342 Paulo
849 2299 984 2343 aliter
1036 2303 1274 2355 conceptus
1318 2312 1476 2344 versus
1522 2274 1752 2355 leyeba’twr
1796 2300 1850 2343 in

153 2357 282 2402 codd.
308 2356 496 2414 Georyii
525 2356 743 2412 Richteri,
775 2371 885 2414 quos
914 2356 1145 2402 Gronovio
1175 2359 1295 2403 dono
1330 2359 1516 2403 dederat
1544 2359 1620 2414 (cf.
1644 2363 1762 2415 quet.
1787 2359 1850 2403 ad

157 2415 291 2460 Theb.
318 2430 367 2473 Ρ.
400 2419 493 2462 406
515 2417 622 2473 sq.).
654 2390 990 2474 Placatamque
1023 2415 1163 2460 simul
1193 2417 1418 2462 Iunonem
1451 2431 1488 2462 c.
1522 2416 1566 2461 d.
1623 2418 1690 2461 In
1721 2418 1847 2462 codd

158 2474 317 2520 Petav.
357 2480 404 2520 et
440 2474 566 2520 Dan.
609 2477 743 2542 apud
774 2476 1170 2542 Lindenbroyium
1201 2491 1252 2534 Ρ.
1285 2481 1377 2522 490
1410 2477 1546 2522 verba
1576 2478 1646 2521 ita
1675 2478 1850 2532 scripta

155 2538 308 2579 erant.-
354 2534 668 2601 Iunonemque
708 2533 799 2578 tibi
836 2535 1075 2591 placatam
1113 2550 1152 2580 c.
1193 2535 1237 2580 d
1263 2537 1278 2593 ΙΙ
1305 2542 1387 2581 131
1427 2536 1579 2580 vereri
1608 2540 1642 2578 P
1680 2536 1851 2580 mereri

154 2591 350 2636 nwsu
391 2593 584 2638 mereris
630 2609 658 2648 p
703 2607 880 2638 merere
920 2609 1034 2640 cor-r.
1088 2594 1350 2641 Gronovius
1382 2598 1402 2663 fl
1443 2601 1530 2640 134
1574 2594 1710 2639 vultu
1757 2608 1848 2650 quo

154 2652 293 2696 nutat
347 2652 512 2697 eodem
559 2657 592 2696 P
645 2652 841 2697 dubium
892 2653 1182 2710 mixtumque
1238 2654 1396 2712 sopori
1440 2655 1632 2697 Bo²su
1679 2653 1850 2697 dubius

72 2735 74 2740 ,
155 2710 420 2768 mixtusque
444 2716 527 2755 ΤΗ
551 2712 835 2768 dubiumque
858 2712 1149 2769 mixtumque
1173 2730 1197 2756 r
1222 2713 1419 2780 dubium
1441 2714 1661 2770 cmixtuq.
1679 2712 1851 2769 pudori

158 2772 232 2827 (m.
266 2785 343 2828 pr.
383 2785 496 2816 corr.
538 2773 590 2816 in
630 2771 802 2829 sopori)
842 2777 870 2815 b
909 2776 924 2831 ΙΙ
964 2777 1048 2818 136
1089 2773 1266 2817 excitat
1303 2772 1405 2830 igni
1444 2773 1670 2818 Heinsius
1706 2774 1722 2828 ΙΙ
1764 2778 1848 2817 139

158 2841 364 2886 aequora
393 2835 425 2874 P
465 2844 576 2875 aera
607 2835 692 2874 (ΞΗ
721 2833 737 2889 ΙΙ
771 2836 853 2876 142
886 2846 1223 2888 quamcumque
1253 2837 1334 2876 BG
1365 2834 1380 2890 ΙΙ
1414 2837 1497 2877 145
1529 2831 1688 2876 laxato
1719 2833 1847 2877 codd.

157 2889 272 2944 edd„
304 2903 417 2936 corr.
452 2891 709 2948 Menkiusn
736 2895 818 2936 148
853 2890 1159 2937 Summissere
1191 2897 1224 2935 P

249 2970 356 3005 svn-r
333 2980 391 3005 ‘rn
414 2972 607 3008 Turnus.
1438 2969 1492 3009 18
