1976 3094
217 148 325 201 210
792 145 840 191 P.
874 144 1102 190 PAPINII
1132 143 1325 189 STATII

214 269 596 337 Amissumque
637 267 814 320 odisse
854 266 1032 319 diem?
1071 265 1306 335 pandam
1346 265 1528 319 omnia
1564 283 1755 336 regna,

215 342 271 396 si
309 344 510 413 placet,
550 344 604 394 et
645 339 834 409 Stygio
872 343 1186 409 praetexam
1223 339 1542 409 Hyperiona
1581 341 1745 394 cae10.

212 417 428 470 Arcada
464 433 563 468 nec
603 415 812 484 superis
854 413 1006 484 (quid
1046 414 1188 466 enim
1227 413 1364 466 mihi
1401 414 1621 467 nuntius
1662 416 1848 468 ambas
1888 419 1890 422 ’

211 491 369 560 Itque
416 490 660 558 reditque
709 488 898 541 domus
909 487 960 558 ‘?)
1001 488 1246 541 emittam
1285 491 1341 540 et
1378 490 1666 557 utrumque
1704 489 1899 542 tenebo

212 563 569 633 Tyndariden.
647 562 756 616 Cur
795 565 976 615 autem
1017 561 1190 614 avidis
1229 561 1421 615 Ixiona
1458 562 1653 630 frango
1843 576 1899 616 50

211 637 559 691 Verticibus‘?
601 654 693 690 cur
730 655 841 689 non
879 639 1164 705 expectant
1202 635 1474 689 Tantalon
1511 636 1721 689 undae?

210 713 366 764 Anne
405 711 758 781 profanatum
797 710 1000 763 totiens
1039 708 1218 763 Chaos
1255 709 1473 779 hospite
1511 711 1636 763 vivo

210 785 527 855 Perpetiar‘a>
569 803 655 838 me
693 784 926 837 Pirithoi
964 783 1284 837 temerarius
1325 784 1487 837 ardor

209 860 465 929 Temptat
503 864 558 912 et
598 858 787 912 audaci
826 857 1064 911 Theseus
1103 858 1312 911 iuratus
1353 857 1548 927 amico,

206 933 294 987 Me
334 934 479 987 ferus
518 933 758 1001 Alcides,
797 936 915 985 tum
954 950 1076 985 cum
1115 931 1335 985 custode
1373 936 1582 984 remoto
1837 945 1894 986 55

208 1007 404 1061 Ferrea
444 1007 741 1061 Cerbereae
780 1009 1068 1060 tacuerunt
1106 1005 1297 1059 limina
1333 1009 1546 1075 portae3

208 1081 454 1151 Odrysiis
495 1082 662 1134 etiam
700 1080 868 1150 pudet
905 1081 1034 1133 heu!
1072 1080 1315 1149 patuisse
1355 1080 1610 1149 querellis

206 1155 458 1209 Tartara:
497 1155 608 1208 vidi
647 1157 862 1224 egomet
899 1154 1102 1207 blanda
1139 1154 1281 1207 inter
1319 1154 1559 1207 carmina
1598 1157 1782 1224 turpes
1940 1201 1943 1203 ,

206 1230 568 1283 Eumenidum
607 1229 860 1282 lacrimas
899 1229 1205 1297 iterataque
1243 1245 1412 1297 pensa
1453 1227 1733 1298 Sororum3
1975 1272 1976 1304 ¹

204 1303 291 1356 Me
331 1321 540 1374 quoque
581 1334 650 1341 —
692 1303 787 1355 sed
826 1302 991 1356 durae
1030 1302 1226 1356 melior
1263 1302 1524 1356 violentia
1562 1302 1717 1372 legis,
1839 1317 1895 1356 60

204 1379 312 1430 Ast
349 1395 449 1448 ego
489 1377 578 1431 vix
616 1395 805 1446 unum,
842 1394 942 1431 nec
982 1377 1127 1437 celsa
1166 1376 1234 1430 ad
1273 1376 1472 1446 sidera,
1510 1375 1656 1430 furto

201 1452 386 1505 Ausus
426 1452 532 1504 iter
571 1449 752 1505 Siculo
791 1451 949 1520 rapui
988 1450 1220 1505 conubia
1258 1468 1474 1520 campo:

202 1525 318 1580 Nec
355 1526 573 1580 licuisse
611 1525 816 1594 ferunt3
840 1525 1192 1595 iniustaeque
1232 1543 1266 1577 a
1302 1523 1432 1578 Iove
1471 1524 1619 1595 leges

201 1598 481 1668 Protinus,
522 1603 577 1653 et
616 1602 823 1652 sectum
862 1599 1107 1669 genetrix
1145 1598 1283 1652 mihi
1320 1600 1602 1668 computat
1641 1616 1854 1652 annum.

203 1671 308 1726 Sed
347 1673 475 1743 quid
515 1690 617 1743 ego
656 1672 826 1726 haec?
887 1673 936 1742 I,
974 1672 1262 1726 Tartareas
1300 1672 1557 1726 ulciscere
1597 1671 1772 1742 sedes,
1836 1686 1891 1726 65

202 1746 525 1817 Tisiphone,
567 1747 613 1800 si
653 1746 864 1816 quando
903 1747 1062 1800 novis
1102 1746 1402 1816 asperrima
1440 1746 1723 1815 monstris,
1962 1751 1965 1753 ’

200 1820 401 1890 Triste,
433 1821 727 1888 insuetum,
758 1821 973 1891 ingens,
1008 1820 1153 1890 quod
1182 1820 1423 1873 nondum
1453 1820 1652 1874 viderit
1683 1819 1892 1885 aether,

198 1895 314 1948 Ede
352 1894 528 1960 nefaS,
568 1894 711 1964 quod
749 1895 913 1947 mirer
952 1911 1054 1964 ego
1093 1895 1477 1964 invideantque
1518 1912 1742 1948 sorores,
1967 1897 1969 1901 ’

199 1968 378 2038 Atque
418 1969 551 2022 adeo
589 1970 787 2022 fratres
828 1967 1129 2039 (nostrique
1167 1969 1301 2022 haec
1341 1969 1521 2023 omina
1561 1972 1720 2022 sunto

199 2043 383 2096 Prima
422 2042 580 2112 odii),
619 2043 818 2096 fratres
859 2044 1068 2097 alterna
1105 2043 1162 2096 in
1199 2043 1425 2097 vulnera
1465 2044 1610 2096 laeto
1837 2055 1892 2095 70

198 2116 377 2169 Marte
417 2121 600 2187 ruant3
642 2117 740 2182 sit,
782 2117 875 2186 qui
913 2117 1222 2170 rabidarum
1261 2135 1411 2171 more
1449 2116 1687 2169 ferarum

198 2190 424 2244 Mandat
465 2194 622 2245 atrox
660 2191 858 2245 hostile
899 2194 1089 2261 caput,
1129 2191 1327 2261 quique
1366 2191 1494 2262 igne
1535 2208 1787 2259 supremo

320 2326 375 2366 65
404 2336 471 2376 sq.
509 2321 630 2365 ‘Sed
661 2347 716 2354 —
748 2321 1028 2378 Tisiphone’
1074 2321 1248 2366 schol.
1282 2321 1426 2366 Theb.
1459 2320 1523 2365 XI
1556 2326 1611 2366 76
1642 2337 1685 2378 p.
1720 2325 1805 2367 378
1837 2320 1886 2364 L.

317 2459 374 2499 46
405 2453 597 2499 horrida
633 2456 700 2499 vel
746 2453 875 2498 invia
912 2468 1059 2511 regna
1099 2456 1413 2500 Marklandus
1443 2455 1458 2511 ΙΙ
1489 2459 1545 2500 47
1591 2455 1884 2511 praetextam

194 2518 227 2556 P
249 2516 265 2571 ΙΙ
289 2518 345 2565 55
377 2515 480 2557 tum
509 2519 541 2556 P
572 2515 684 2556 tunc
717 2515 850 2558 ceteri
871 2515 887 2570 ΙΙ
911 2518 966 2558 56
997 2515 1252 2571 patuerunt
1280 2517 1369 2556 Bu
1391 2515 1407 2570 ΙΙ
1431 2519 1485 2559 63
1519 2527 1548 2557 a
1577 2512 1688 2558 Iove
1711 2518 1794 2556 ΡΗ
1825 2514 1880 2567 cf.

196 2573 285 2617 IV
312 2576 404 2618 840
446 2572 505 2616 ab
546 2573 654 2617 Iove
687 2573 880 2616 BG2sM
910 2575 926 2630 ΙΙ
958 2579 1014 2617 64
1053 2572 1257 2629 genitrix
1287 2578 1319 2615 P
1350 2575 1366 2630 ΙΙ
1397 2577 1453 2617 65
1484 2572 1603 2616 haec
1633 2573 1702 2616 ita
1731 2571 1885 2615 33²1

194 2631 310 2676 haec
348 2631 418 2676 ita
457 2645 588 2676 caras
627 2633 758 2678 schol.
801 2633 863 2677 ad
897 2632 984 2675 XI
1008 2636 1069 2678 76
1098 2634 1114 2689 11
1147 2637 1202 2678 66
1243 2634 1291 2678 et
1331 2631 1372 2676 si
1400 2636 1446 2674 Π
1475 2634 1492 2689 ΙΙ
1525 2632 1637 2677 Post
1666 2646 1705 2676 v.
1740 2635 1798 2676 69
1829 2631 1882 2674 in

195 2691 252 2734 (³²
289 2705 444 2736 versus
482 2693 646 2737 iterum
677 2692 890 2748 leywntur
920 2692 1001 2748 qui
1030 2697 1331 2737 numerantur
1361 2693 1560 2736 42—69.
1585 2693 1601 2748 u
1625 2695 1680 2735 69
1712 2687 1878 2733 nostri-

194 2763 282 2806 que
313 2754 391 2793 PG
428 2750 693 2806 nostrisque
733 2750 879 2794 (³¹81
916 2751 1090 2795 nostris
1124 2755 1212 2796 οΗ.
1275 2752 1342 2796 In
1370 2754 1404 2794 B
1443 2751 1711 2796 vocabulum
1735 2761 1879 2806 paene

192 2812 440 2856 extinctwm
478 2815 541 2855 est
567 2811 574 2867 Ι
602 2809 760 2854 omnia
790 2815 822 2852 P
855 2812 871 2867 u
907 2814 963 2855 70
995 2809 1093 2853 odii
1123 2815 1200 2853 PG
1232 2809 1352 2854 odiis
1384 2811 1517 2856 ceteri
1550 2811 1565 2868 u
1602 2814 1656 2854 72
1688 2806 1879 2852 Mandet

192 2872 224 2910 P
254 2882 335 2914 sec.
370 2883 426 2913 m.
