1976 3094
236 149 309 202 66
817 146 867 191 P.
898 144 1126 190 PAPINII
1156 144 1350 189 STATII

237 269 393 323 Adde
431 268 607 321 fidem.
685 266 801 319 Vos
843 285 874 320 0
915 267 1118 337 superi,
1156 285 1308 319 meus
1349 267 1532 320 ordine
1571 269 1818 338 sanguis,
1966 327 1969 346 Ι

234 343 319 397 Ne
357 360 602 412 pugnare
643 341 802 410 odiis,
841 359 945 393 neu
977 359 1063 393 me
1102 344 1370 411 temptare
1410 342 1676 410 precando
1836 349 1969 401 24οῆΙ

238 416 492 485 Certeti33
535 416 612 469 sic
650 415 788 468 Fata
827 415 961 467 mihi
998 415 1290 485 nigraeque
1333 413 1589 468 Sororum

236 491 492 545 Iuravere
533 490 709 543 colus:
749 491 933 542 manet
970 489 1104 543 haec
1143 490 1211 542 ab
1251 489 1462 559 origine
1501 490 1688 543 mundi

238 565 371 619 Fixa
404 565 518 618 dies
556 564 724 631 bello,
762 563 1059 633 populique
1098 564 1156 615 in
1195 563 1401 632 proelia
1438 564 1571 617 nati.

238 639 393 702 Quod
433 639 492 691 ni
529 657 615 690 me
655 641 898 690 veterum
936 655 1138 707 poenas
1181 638 1387 690 sancire
1427 638 1697 690 malorum
1932 690 1934 693 ,

235 713 499 766 Gentibus
541 716 594 764 et
633 712 778 764 diros
819 711 999 764 sinitis
1037 711 1229 781 punire
1266 714 1491 780 nepotes
1838 707 1973 770 245⁴&

235 786 459 854 (Arcem
498 786 639 839 hanc
680 790 978 854 aeternam,
1018 786 1196 855 gentis
1237 786 1474 839 sacraria
1511 788 1752 850 nostrae,
1940 784 1942 786 ’

231 861 426 914 Testor
466 864 520 913 et
558 861 800 929 Elysios,
841 861 1003 912 etiam
1042 859 1178 912 mihi
1215 860 1460 929 numina,
1499 859 1724 930 fontes),

230 935 355 1004 Ipse
394 953 560 988 manu
599 934 814 987 Thebas
856 936 1209 1003 correptaque
1248 933 1462 987 moenia
1500 933 1668 987 fundo

230 1009 521 1063 Excutiam
559 1027 851 1078 versasque
891 1008 1009 1061 solo
1051 1027 1211 1078 super
1247 1008 1450 1061 Inacha
1488 1011 1633 1061 tecta
1939 1070 1942 1072 ,

229 1084 520 1137 Effundam
560 1086 738 1137 turres
781 1086 875 1135 aut
915 1086 1110 1153 stagna
1148 1082 1205 1134 in
1246 1083 1459 1136 caerula
1498 1100 1711 1137 verram
1833 1095 1924 1136 250
1975 1079 1976 1082 ¹

229 1157 409 1212 Imbre
449 1158 776 1227 superiecto,
816 1157 945 1210 licet
982 1158 1101 1226 ipsa
1138 1157 1194 1209 in
1232 1156 1449 1210 turbine
1487 1175 1668 1209 rerum
1711 1200 1714 1203 Α
1938 1154 1939 1157 ’

224 1231 360 1285 Iuno
402 1250 529 1286 suos
571 1232 736 1284 colles
778 1231 1143 1301 templumque
1184 1231 1432 1301 amplexa
1469 1229 1714 1284 laboret?

224 1305 400 1376 Dixit,
441 1309 495 1359 et
533 1306 757 1359 attoniti
795 1306 978 1358 iussis:
1019 1305 1273 1359 mortalia
1312 1306 1497 1359 credas

224 1380 477 1450 Pectora3
521 1381 597 1433 sic
637 1380 817 1434 cuncti
855 1398 1144 1451 vocemque
1185 1382 1502 1450 animosque
1540 1380 1814 1433 tenebant.

223 1454 352 1509 Non
393 1473 544 1508 secus
586 1473 647 1507 ac
686 1456 850 1524 longa
888 1457 1172 1508 ventorum
1211 1473 1343 1524 pace
1383 1455 1624 1507 solutum
1830 1466 1918 1507 255

228 1530 450 1598 Aequor
491 1532 545 1582 et
584 1529 791 1582 imbelli
830 1529 1091 1582 recubant
1127 1529 1223 1582 ubi
1260 1529 1425 1582 litora
1464 1547 1680 1597 somnO,
1938 1539 1939 1542 ’

228 1602 602 1672 Silvarumque
642 1621 822 1656 comas
864 1605 918 1656 et·
956 1604 1149 1656 abacto
1189 1603 1408 1656 flamine
1446 1603 1616 1655 nubes
1851 1666 1854 1670 .

224 1675 427 1730 Mulcet
465 1678 608 1730 iners
650 1680 853 1746 aesta83
893 1679 1021 1730 tunc
1062 1680 1258 1746 stagna
1296 1678 1550 1746 lacusque
1591 1677 1773 1730 sonori

223 1751 576 1819 Detumuere,
613 1754 798 1804 tacent
837 1751 1012 1804 exusti
1052 1751 1258 1804 solibus
1299 1769 1496 1804 amnes.

301 1824 513 1879 Gaudet
552 1844 719 1878 ovans
759 1826 922 1879 iussis
964 1829 1018 1878 et
1058 1825 1231 1878 adhuc
1270 1828 1484 1879 temone
1526 1825 1725 1878 calenti
1825 1838 1913 1879 260

224 1898 483 1953 Fervidus
523 1899 582 1952 in
619 1900 832 1952 laevum
871 1903 1091 1969 torquet
1131 1899 1396 1954 Gradivus
1435 1900 1690 1952 habenas,

224 1972 448 2044 Iamque
487 1973 591 2026 iter
630 1978 929 2027 extremum
970 1974 1212 2044 caelique
1253 1974 1485 2043 abrupta
1522 1974 1763 2043 tenebat,

226 2045 364 2100 Cum
402 2047 588 2101 Venus
631 2052 755 2102 ante
795 2050 944 2116 ipsos
985 2048 1139 2101 nulla
1178 2048 1467 2102 formidine
1506 2065 1755 2117 gressum

220 2121 369 2192 Figit
409 2141 598 2192 equos3
639 2141 845 2176 cessere
884 2127 1031 2176 retro
1070 2123 1180 2175 iam
1219 2124 1432 2191 iamque
1470 2123 1709 2192 rigentes

336 2303 419 2342 241
448 2312 515 2353 sq.
554 2298 831 2354 ‘nigraeque
856 2324 909 2331 —
937 2298 1085 2342 colus’
1119 2297 1338 2342 Probus
1371 2297 1542 2342 cathol.
1575 2297 1597 2340 I
1627 2313 1670 2355 p.
1698 2303 1768 2354 24,
1802 2304 1827 2342 9
1852 2297 1906 2343 Κ.

223 2355 290 2400 Of.
326 2356 473 2400 Serv.
508 2357 569 2400 ad
599 2358 714 2401 Aen.
752 2357 856 2402 VIII
887 2362 987 2402 409.

1944 2485 1950 2507 9

333 2524 418 2563 242
450 2518 728 2572 Lustravere
761 2519 946 2565 Servius
974 2522 990 2577 ΙΙ
1021 2525 1108 2564 244
1142 2519 1264 2574 Quid
1297 2536 1407 2575 epm
1436 2522 1451 2576 ΙΙ
1484 2525 1568 2566 246
1601 2520 1756 2577 gentis
1789 2534 1901 2566 corr.
1937 2567 1939 2570 Α

211 2578 544 2623 Lachmannus
573 2578 744 2622 mentis
770 2580 894 2624 codd.
921 2581 936 2636 ΙΙ
960 2585 1047 2624 250
1071 2594 1254 2624 verram
1277 2585 1309 2623 1’
1332 2581 1515 2628 vertam
1539 2582 1671 2624 ceteri
1692 2593 1903 2637 mergam

215 2638 530 2682 Marklandus
553 2640 568 2694 ΙΙ
593 2643 679 2682 254
704 2638 753 2682 di
778 2639 935 2682 cuncti
958 2639 1285 2685 Lachmannus
1308 2642 1324 2697 ΙΙ
1347 2643 1432 2684 257
1458 2639 1651 2683 abactas
1676 2644 1792 2682 P'H.
1817 2652 1902 2682 nec

211 2697 403 2740 abactas
442 2698 754 2742 Baehrensius
776 2700 792 2754 ΙΙ
817 2703 902 2742 259
945 2698 1096 2742 exusti
1133 2704 1213 2741 PG
1253 2699 1468 2743 exhausti
1503 2697 1602 2752 G²g
1641 2697 1823 2742 exausti
1863 2699 1903 2755 (t

212 2755 366 2799 exusti
406 2758 465 2802 al.
509 2758 614 2802 stilo
644 2759 891 2815 suprascr.)
923 2757 1055 2802 Leid.
1091 2759 1326 2802 exhaustis
1357 2762 1423 2800 Bc
1455 2757 1609 2802 exacti
1646 2773 1673 2812 p
1703 2760 1719 2814 ΙΙ
1748 2770 1902 2803 versus

209 2819 462 2862 266-319
493 2817 545 2861 in
580 2817 723 2874 Pray.
756 2822 788 2863 2
822 2832 853 2861 a
876 2831 950 2874 pr.
984 2832 1040 2863 m.
1073 2819 1250 2872 desunt,
1280 2819 1356 2862 sed
1386 2819 1439 2862 in
1468 2819 1625 2872 foliolo
1654 2819 1798 2862 serius
1829 2818 1899 2861 in-

210 2879 328 2919 serto
360 2876 572 2933 quwntur
