2020 3106
226 117 300 171 26
805 117 1115 162 P.PAP1N11
1145 117 1340 164 STATII

228 242 446 312 Oraque
486 241 629 293 sicca
667 241 849 293 ferunt
885 240 1221 309 trepidorum
1259 239 1498 294 inhiasse
1537 240 1806 310 luporum

230 316 451 370 Saevior
489 315 548 367 in
586 315 812 366 miseros
852 314 981 366 fatis
1020 314 1230 367 ultricis
1270 306 1554 384 ademptae

230 391 417 444 Delius
458 389 715 458 insurgit,
756 406 1073 457 summaque
1113 388 1389 442 biverticis
1428 388 1621 441 umbra

229 464 458 519 Parnasi
496 463 737 515 residens
778 480 906 515 arcu
946 462 1176 515 crudelis
1215 463 1399 532 iniquo

227 538 499 593 Pestifera
533 557 684 590 arma
713 537 860 605 iacit,
892 554 1216 606 camposque
1249 539 1303 589 et
1333 538 1478 590 celsa
1507 534 1801 604 Cyclopum
1833 547 1918 589 630

232 613 399 667 Tecta
441 612 741 680 superiecto
780 611 1105 664 nebularum
1143 611 1382 665 incendit
1421 611 1634 664 amictu.

228 688 511 740 Labuntur
551 685 730 739 dulces
773 686 1005 753 animae,
1044 685 1194 738 Mors
1233 685 1323 738 fila
1363 683 1622 739 Sororum

230 762 374 815 Ense
415 760 572 813 metit
611 763 931 830 captamque
969 762 1162 813 tenens
1200 759 1307 812 fert
1345 760 1596 812 manibus
1637 758 1840 811 urbem.

229 835 548 903 Quaerenti,
589 853 726 903 quae
766 853 949 903 causa,
991 834 1133 902 duci,
1174 833 1302 903 quid
1341 834 1408 887 ab
1450 831 1665 886 aethere
1704 833 1887 886 laevus

225 909 380 978 Ignis
422 911 476 962 et
515 909 573 960 in
611 913 790 962 totum
830 911 1084 977 regnaret
1123 906 1294 961 Sirius
1334 926 1556 978 annum,
1834 919 1919 960 635

230 983 381 1036 Idem
421 986 608 1036 auctor
645 982 824 1036 Paean
866 1001 1051 1035 rursus
1091 983 1242 1036 iubet
1279 982 1358 1034 ire
1398 985 1619 1035 cruento

226 1057 459 1110 Inferias
500 1059 745 1110 monstro
786 1057 1030 1126 iuveneS,
1072 1058 1164 1126 qui
1205 1056 1365 1110 caede
1403 1057 1579 1125 potiti.

229 1131 532 1185 Fortunate
573 1131 738 1184 animi
776 1131 1107 1201 longumque
1146 1133 1204 1184 in
1243 1131 1459 1184 saecula
1498 1131 1660 1199 digne

229 1205 593 1260 Promeriture
634 1205 803 1259 diem!
844 1223 954 1258 non
992 1209 1052 1258 tu
1089 1206 1183 1274 pia
1221 1205 1452 1275 degener
1493 1223 1644 1258 arma
1966 1262 1973 1270 .

227 1279 444 1334 Occulis
486 1282 580 1331 aut
620 1283 798 1333 certae
837 1279 1078 1348 trepidas
1119 1297 1396 1334 occurrere
1435 1279 1612 1332 morti.
1835 1292 1921 1332 640
1966 1346 1971 1352 „

230 1352 546 1407 Comminus
587 1372 683 1407 ora
721 1354 900 1407 ferens
941 1351 1188 1407 Cirrhaei
1227 1353 1286 1406 in
1323 1353 1509 1406 limine
1549 1353 1743 1423 templi

227 1427 498 1481 Constitit
537 1430 592 1480 et
631 1447 826 1481 sacras
850 1428 928 1481 ita
966 1428 1186 1481 vocibus
1227 1430 1444 1496 asperat
1482 1429 1616 1481 iras:

233 1501 379 1555 ‘Non
418 1501 639 1571 missus,
677 1502 1040 1572 Thymbraee,
1078 1505 1202 1555 tuos
1242 1502 1535 1571 supplexve
1574 1505 1798 1571 penates

230 1576 501 1630 Advenio:
541 1594 661 1628 mea
695 1586 785 1630 'me
825 1576 1001 1645 pietas
1042 1580 1097 1630 et
1135 1579 1353 1629 conscia
1391 1576 1563 1629 virtus

230 1650 349 1703 Has
382 1667 538 1720 egere
577 1651 709 1704 vias,
784 1650 905 1720 Ego
946 1669 1089 1719 sum,
1129 1650 1221 1719 qui
1261 1649 1421 1702 caede
1462 1649 1675 1719 subegi,
1836 1663 1922 1704 645

228 1724 466 1789 Phoebe,
509 1727 662 1776 tuum
702 1725 931 1778 mortale
970 1724 1145 1795 nefaS,
1185 1742 1344 1793 quem
1381 1724 1618 1776 nubibus
1659 1724 1793 1776 atris

229 1797 306 1851 Et
346 1798 626 1882 squalente
668 1798 775 1868 die,
813 1799 971 1868 nigra
1010 1816 1169 1868 quem
1208 1798 1331 1852 tabe
1372 1797 1581 1850 sinistri

229 1871 476 1940 QuaeriS,
523 1872 727 1941 inique,
770 1873 899 1941 poli.
977 1872 1181 1936 Quodsi
1221 1875 1468 1925 monstra
1508 1872 1671 1925 effera
1708 1871 1922 1942 magnis

233 1945 375 1998 Cara
414 1914 547 1999 adeo
588 1947 818 2015 superis,
858 1947 1174 2015 iacturaque
1214 1946 1376 2000 vilior
1417 1946 1536 1999 orbi

224 2019 378 2073 Mors
409 2019 691 2072 hominum
725 2024 779 2073 et
805 2040 965 2074 saevo
990 2024 1144 2074 tanta
1167 2021 1511 2073 inclementia
1536 2020 1681 2073 caelo
1707 2022 1804 2088 est,
1836 2033 1923 2074 650

230 2093 371 2156 Quid
410 2112 651 2146 meruere
690 2095 867 2165 Argi?
907 2113 1014 2165 me,
1054 2113 1162 2163 me,
1202 2094 1386 2148 divum
1427 2095 1654 2163 optime,
1696 2094 1869 2147 solum

224 2167 503 2221 Obiecisse
545 2172 707 2237 caput
744 2169 872 2222 fatis
913 2169 1242 2238 praestabat.
1319 2167 1409 2220 An
1446 2168 1607 2237 illud,

350 2304 450 2343 635.
486 2299 554 2342 ‘et
579 2325 633 2330 —
660 2299 851 2342 annum’
889 2299 1036 2344 Serv.
1072 2298 1133 2342 ad
1156 2297 1269 2342 Aen.
1296 2297 1363 2340 III
1389 2303 1486 2342 141.
1514 2324 1569 2331 —-
1597 2303 1682 2344 638
1709 2312 1773 2354 sq.
1804 2298 1924 2342 ‘lon-
2019 2304 2020 2339 1

227 2370 434 2413 gumque
460 2383 513 2388 -
542 2356 685 2400 diem’
720 2357 998 2402 Priscian.
1031 2357 1074 2401 V
1105 2363 1146 2411 5,
1179 2362 1235 2401 26
1269 2372 1313 2413 p.
1349 2361 1432 2401 159
1464 2357 1520 2402 H.

352 2524 434 2562 631
465 2474 677 2575 suptiecto
703 2522 735 2559 P
764 2519 770 2574 Ι
797 2517 1002 2562 intendit
1028 2519 1301 2578 Madviyius
1324 2521 1340 2577 ΙΙ
1363 2524 1450 2564 634
1474 2517 1591 2574 quid
1612 2519 1769 2563 Baeho
1771 2532 1924 2563 61181113

227 2577 333 2634 quis
366 2578 492 2623 codd.
518 2580 533 2634 ΙΙ
558 2583 641 2621 639
677 2576 993 2621 Promeruisse
1020 2578 1377 2623 Friesemannus
1399 2580 1414 2635 ΙΙ
1439 2582 1524 2622 648
1559 2577 1745 2631 Quodni
1775 2579 1923 2623 Baeh-

227 2638 408 2682 rensius
430 2639 446 2694 ΙΙ
471 2641 554 2681 649
599 2636 702 2680 orbi
732 2636 931 2678 PBG2M
994 2636 1120 2680 orbis
1169 2641 1329 2692 GHpg
1371 2638 1501 2682 Lewl.
1569 2636 1696 2681 ‘ollis
1745 2643 1827 2682 aut
1872 2639 1925 2681 111

226 2711 269 2740 v.
323 2701 414 2741 650
471 2697 706 2752 moi-’sque
757 2696 1039 2740 Schraderus
1077 2698 1092 2753 ΙΙ
1134 2701 1220 2741 650
1265 2696 1447 2751 Totque
1493 2696 1701 2741 Kochius
1743 2697 1750 2753 Ι
1793 2695 1923 2740 03610

228 2756 303 2799 est
347 2760 380 2798 P
431 2754 532 2815 celo
579 2761 603 2800 e
653 2755 711 2798 (32
757 2754 887 2798 caelo
933 2758 1022 2797 ΒΜ
1049 2758 1054 2807 Ι
1081 2770 1256 2800 versum
1301 2757 1510 2812 spata-ium
1556 2756 1734 2800 iudicat
1774 2756 1924 2822 Sand-

227 2845 467 2889 stroemius
505 2845 520 2901 ΙΙ
560 2849 643 2889 652
692 2844 938 2905 prestabat
982 2842 1128 2887 PG2R
1178 2843 1298 2889 Oolb.
1340 2848 1444 2887 6Η1·
1488 2844 1600 2890 Beh.
1647 2829 1926 2901 praestabat
