1976 3126
690 139 1034 187 THEBAIDOS
1066 139 1177 186 LIB.
1209 139 1264 186 X.
1718 141 1821 195 281

138 263 370 320 Incohat
407 266 462 318 et
499 264 709 317 maesto
751 279 1037 316 conversus
1079 262 1148 316 ad
1186 261 1409 317 aethera
1446 263 1601 317 vultu

142 337 231 393 Sic
270 338 372 392 ait:
413 334 686 392 ‘Arcanae
725 336 1055 390 moderatrix
1096 334 1335 407 Cynthia
1371 338 1572 408 noctis,
1744 351 1830 392 365

140 411 198 467 Si
238 414 293 469 te
331 410 649 483 tergeminis
687 410 976 481 perhibent
1013 411 1224 465 variare
1263 411 1454 481 figuris

137 486 355 542 Numen
393 491 450 540 et
486 486 544 539 in
583 484 749 539 silvas
790 484 895 539 alio
937 484 1254 539 descendere
1287 486 1468 555 vultu,

21 560 26 571 ¹
85 628 87 631 ι
137 559 236 616 Ille
276 577 456 615 comes
493 577 665 630 nuper
702 577 1088 630 nemorumque
1127 560 1358 631 insignis
1399 561 1677 630 alumnus,

137 633 237 690 Ille
277 636 431 705 tuus,
469 632 672 704 Diana,
711 652 845 704 puer
883 634 1050 704 (nunc
1088 635 1293 704 respice
1335 635 1556 705 saltem)

139 706 465 772 Quaeritur'.
534 707 780 763 Incendit
816 708 1002 777 pronis
1044 708 1142 763 dea
1180 709 1426 763 curribus
1467 709 1670 762 almum
1746 722 1833 763 870

140 781 300 838 Sidus
340 787 397 837 et
437 782 658 837 admoto
698 783 1026 837 monstravit
1064 783 1254 837 funera
1293 802 1471 838 cornu.

138 856 426 928 Apparent
464 857 640 927 campi
680 856 1006 927 Thebaeque
1047 858 1294 927 altusque
1335 855 1650 911 Cithaeron:

139 929 228 986 Sic
267 931 361 985 ubi
399 935 728 985 nocturnum
766 932 975 985 tonitru
1014 931 1191 985 malus
1233 931 1456 985 aethera
1493 931 1702 1002 frangit

140 1004 410 1076 Iuppiter,
451 1005 714 1059 absiliunt
752 1006 924 1059 nubes
965 1009 1019 1059 et
1057 1006 1265 1076 fulgere
1306 1006 1451 1059 claro

138 1079 308 1134 Astra
345 1082 568 1150 patent,
608 1079 927 1150 subitusque
967 1079 1139 1134 oculis
1179 1080 1483 1134 ostenditur
1523 1079 1686 1133 orbis,
1747 1092 1833 1133 375

143 1152 373 1224 Accepit
410 1153 593 1208 radios
634 1157 688 1208 et
727 1154 914 1209 eadem
951 1156 1190 1224 percitus
1229 1152 1475 1223 Hopleus

140 1226 325 1298 Tydea
363 1228 481 1290 luce
519 1228 693 1298 videt3
731 1229 893 1298 longe
934 1229 1067 1282 dant
1106 1229 1267 1299 signa
1304 1247 1401 1299 per
1439 1229 1662 1281 umbras

138 1301 332 1356 Mutua
370 1301 660 1373 laetantes,
700 1305 754 1356 et
793 1303 1028 1357 amicum
1066 1304 1278 1373 pondus
1318 1309 1567 1372 uterque,

141 1374 255 1430 Ceu
293 1374 514 1430 reduces
554 1376 700 1431 vitae
741 1395 1007 1447 saevaque
1047 1397 1080 1431 a
1119 1381 1293 1430 morte
1333 1378 1611 1446 remissoS,

141 1448 394 1505 Subiecta
434 1451 639 1505 cervice
679 1451 883 1523 levant3
922 1470 1021 1505 nec
1060 1452 1249 1521 verba,
1286 1469 1385 1504 nec
1426 1450 1545 1503 ausi
1745 1463 1831 1504 380

45 1542 47 1546 ⁴
138 1523 296 1578 Flere
336 1525 453 1578 diu:
490 1543 658 1595 prope
700 1544 860 1579 saeva
899 1525 1012 1578 dies
1051 1526 1316 1595 indexque
1357 1526 1596 1578 minatur

55 1611 58 1619 '
141 1597 321 1653 Ortus,
397 1597 548 1653 Eunt
586 1599 742 1653 taciti
781 1618 877 1669 per
917 1604 1126 1653 maesta
1166 1601 1388 1653 silentia
1426 1599 1642 1669 magnis

61 1674 67 1683 ”
138 1671 400 1727 Passibus
441 1673 838 1744 exhaustasque
879 1674 1066 1728 dolent
1103 1674 1311 1744 pallere
1350 1674 1618 1727 tenebras,

62 1791 63 1794 ,
212 1746 404 1800 Invida
440 1747 557 1801 fata
593 1748 701 1818 piis
743 1753 798 1802 et
835 1747 950 1802 fors
989 1749 1300 1819 ingentibus
1343 1748 1490 1801 ausis

62 1879 64 1881 ‚
139 1820 288 1874 Rara
301 1838 494 1875 comes.
517 1820 636 1875 Iam
650 1827 830 1876 castra
842 1822 1028 1876 vident
1041 1823 1341 1892 animisque
1353 1823 1735 1892 propinquant,
1749 1835 1835 1876 385

141 1894 218 1948 Et
256 1894 515 1949 decrescit
553 1914 711 1966 onus,
751 1897 922 1950 subiti
962 1915 1083 1950 cum
1120 1898 1361 1967 pulveris
1402 1897 1595 1949 umbra

72 1982 73 1985 ’
141 1967 218 2021 Et
257 1986 419 2022 sonus
460 1987 492 2022 a
529 1972 700 2039 tergo,
775 1969 987 2023 Monitu
1027 1971 1176 2024 ducis
1216 1989 1339 2024 acer
1379 1971 1580 2041 agebat

142 2042 420 2112 Amphion
460 2043 690 2114 equite8‚
729 2049 945 2097 noctem
984 2044 1319 2127 vigilataque
1359 2050 1538 2098 castra

142 2115 447 2186 Explorare
486 2117 668 2187 datm,
706 2117 1019 2188 primusque
1059 2137 1156 2187 per
1197 2119 1319 2171 avia
1358 2119 1536 2188 campi

143 2190 330 2261 Usque
369 2191 558 2260 procul
598 2189 850 2263 (necdum
889 2195 1036 2246 totas
1069 2195 1160 2245 lux
1193 2193 1430 2245 solverat
1461 2190 1708 2263 umbras)
1749 2205 1836 2246 390

265 2333 352 2374 384
377 2343 440 2384 sq.
478 2328 671 2374 ‘Invida
702 2355 757 2362 —
792 2330 971 2375 comes’
1009 2329 1163 2375 Serv.
1198 2330 1258 2374 ad
1289 2329 1402 2374 Aen.
1438 2329 1502 2373 IX
1532 2336 1634 2375 214.

265 2461 351 2500 368
368 2468 609 2499 nemorum
629 2457 733 2512 (que
750 2470 832 2501 om.
837 2459 851 2512 )
869 2462 901 2499 P
924 2459 940 2514 ΙΙ
963 2461 1049 2501 370
1068 2455 1276 2500 intendit
1292 2462 1327 2500 G
1343 2458 1446 2501 Bar
1448 2458 1572 2501 thius
1593 2458 1596 2516 1
1618 2456 1836 2501 cornibus

148 2515 466 2561 Marklandus
493 2516 502 2572 Ι
527 2513 688 2558 album
717 2514 1019 2572 Wakefieldus
1041 2518 1057 2573 ss
1080 2522 1162 2561 371
1189 2516 1487 2560 monstrabat
1510 2517 1677 2560 funera
1699 2530 1837 2560 curru

149 2575 463 2620 Marklandus
525 2574 681 2618 sidera
712 2588 847 2619 curru
869 2580 902 2619 P
925 2577 942 2633 u
965 2577 1100 2621 Inter
1130 2591 1170 2622 v.
1204 2581 1293 2622 375
1319 2582 1360 2621 et
1385 2580 1476 2621 376
1500 2578 1554 2620 iu
1578 2591 1600 2619 c
1626 2579 1837 2633 Ieyuntur

77 2687 78 2690 Ἰ
144 2633 272 2680 haec·
313 2633 439 2677 Arch
506 2646 535 2677 a
572 2647 680 2677 mox
712 2633 862 2679 dimas
893 2635 1020 2680 nuda
1050 2634 1220 2679 tellure
1251 2638 1484 2680 iacentem
1507 2639 1523 2691 Ι]
1547 2639 1633 2679 380
1672 2636 1838 2679 lavant

147 2697 181 2736 P
210 2692 402 2738 laevant
434 2698 460 2736 8
499 2694 704 2750 mutant,
745 2696 804 2739 al.
836 2709 894 2739 m.
927 2709 1156 2752 suprascr.
1200 2694 1360 2739 ferunt
1390 2697 1447 2737 62
1483 2695 1498 2751 ss
1533 2699 1620 2738 384
1651 2693 1837 2738 fatidici

149 2751 233 2797 sed
270 2752 366 2797 fors
405 2757 438 2796 P
476 2754 492 2809 fl
530 2757 615 2797 385
656 2753 888 2810 armisque
927 2770 954 2809 p
998 2753 1258 2799 Gronovius
1293 2760 1311 2811 n
1349 2759 1434 2799 387
1459 2768 1552 2810 sqq.
1595 2752 1662 2808 Cf.
1707 2753 1835 2812 Very.

147 2811 262 2858 Aen.
296 2813 384 2856 IX
415 2816 509 2857 367
530 2825 622 2869 sqq.
647 2815 771 2869 11387
803 2812 883 2857 lsit
913 2818 1037 2857 (3111
1069 2815 1167 2859 edd.
1199 2819 1300 2859 vett.
1325 2814 1460 2871 p.rob
1492 2813 1689 2858 Heinsio
1711 2814 1727 2869 ΙΙ
1750 2818 1836 2857 389

148 2868 406 2927 Explorata
435 2875 468 2914 P
497 2875 503 2928 Ι
531 2872 667 2916 datos
698 2873 964 2918 Koestliuus
987 2875 1002 2930 ΙΙ
1026 2878 1112 2918 390
1143 2872 1330 2929 Tesqua
1325 2829 1524 2930 pprocul
1556 2873 1778 2917 Heinsius
