2020 3106
665 143 1071 191 ACHILLEIDOS
1110 143 1162 189 L.
1194 142 1250 189 11.
1730 143 1804 197 45

110 265 365 320 Venisses
406 264 496 303 —’
536 263 712 335 Dixit,
752 283 911 337 quem
950 265 1152 319 talibus
1192 268 1418 335 occupat
1456 264 1615 319 heros

109 338 393 394 Aeacides:
434 338 703 411 ‘Longum
741 340 943 395 resides
985 358 1251 410 exponere
1290 357 1479 394 causas

68 422 90 455 ⁰
110 411 525 484 Maternumque
564 414 738 484 nefas3
778 414 884 469 hoc
923 415 1268 468 excusabitur
1306 432 1431 468 ense

110 486 306 558 Scyros
347 491 402 542 et
438 488 736 559 indecores,
774 489 1015 543 fatorum
1055 489 1303 559 crimina,
1344 489 1534 543 cultus.
1745 501 1800 542 45

108 561 189 616 Tu
225 562 431 633 potius,
470 563 597 617 dum
637 563 756 616 lene
795 563 995 617 fretum
1034 564 1377 634 zephyroque
1415 563 1670 616 fruuntur

50 640 60 668 *²
112 635 373 707 Carbasa,
413 655 551 708 quae
589 637 796 691 Danais
834 639 978 691 tanti
1018 638 1313 708 primordia
1352 637 1505 707 belli,

109 709 246 765 Ede:
286 710 423 765 libet
460 711 634 767 iustas
673 712 802 766 hinc
842 731 1051 766 sumere
1090 713 1337 782 protinus
1377 710 1521 765 iras.’

29 783 214 843 mHic
252 784 475 840 Ithacus
513 787 737 856 paulum
777 788 1011 857 repetito
1051 787 1267 858 longius
1310 805 1460 842 orsuz

47 863 60 927 ζ
111 858 323 914 ‘Fertur
360 860 418 914 in
455 860 726 916 Hectorea
767 859 836 932 (si
876 862 1012 915 talia
1052 859 1342 933 credimus)
1383 861 1481 914 Ida
1747 875 1804 915 50

48 932 73 983 fi,
109 933 328 988 Electus
366 934 575 990 formae
615 936 912 990 certamina
951 937 1158 989 solvere
1197 940 1386 1006 pastor

41 982 79 1058 ἒ
110 1006 382 1063 Sollicitas
420 1010 660 1065 tenuisse
699 1011 849 1079 deaS,
888 1029 986 1064 nec
1024 1014 1185 1064 torva
1222 1010 1497 1064 Minervae

40 1058 74 1130 i*
107 1081 238 1155 Ora,
276 1101 377 1138 nec
416 1084 644 1138 aetherii
685 1085 888 1139 sociam
927 1085 1154 1139 rectoris
1195 1085 1370 1139 amico

29 1149 357 1229 &Luminffi
396 1158 490 1212 sed
530 1159 704 1214 solam
743 1160 969 1213 nimium
1008 1159 1209 1214 vidisse
1247 1158 1476 1213 Dionen.

47 1271 51 1286 <
106 1232 285 1303 Atque
325 1233 458 1287 adeo
497 1233 565 1287 lis
605 1233 700 1287 illa
738 1235 849 1287 tuis
892 1237 1080 1287 exorta
1118 1234 1218 1287 sub
1259 1235 1434 1288 antris
1747 1247 1802 1287 55

111 1304 352 1362 Concilio
393 1326 667 1378 superum,
708 1308 835 1362 dum
876 1308 1037 1362 Pelea
1076 1308 1228 1362 dulce
1267 1309 1492 1362 maritat

105 1379 307 1452 Pelion,
347 1383 402 1436 et
438 1383 642 1436 nostris
682 1383 792 1436 iam
832 1386 964 1437 tunc
1002 1382 1336 1452 promitteris
1379 1384 1561 1437 armiS.

105 1453 195 1508 Ira
227 1455 411 1526 'quatit
447 1456 642 1526 victas;
682 1458 822 1526 petit
863 1458 1104 1511 exitialia
1141 1458 1301 1511 iudex

26 1509 89 1596 ξύ
109 1527 380 1585 Praemia:
418 1531 628 1600 raptori
668 1532 854 1585 faciles
893 1536 1266 1586 monstrantur
1304 1531 1579 1602 Amyclae.

105 1602 205 1657 Ille
242 1603 490 1675 Phrygas
528 1606 701 1676 lucOS‚
741 1607 933 1660 matris
972 1607 1275 1675 penetralia
1314 1607 1492 1660 caedit
1745 1622 1801 1661 co

60 1678 69 1690 ”
106 1675 427 1749 Turrigerae
464 1680 768 1750 vetitasque
809 1682 923 1735 solo
963 1681 1318 1750 procumbere
1356 1682 1517 1751 pinus

106 1750 461 1823 Praecipitat,
499 1756 778 1825 terrasque
816 1755 957 1810 freto
998 1756 1208 1809 delatus
1248 1756 1494 1809 Achaeas

24 1843 30 1856 ³
105 1823 357 1896 Hospitis
394 1827 620 1882 Atridae
659 1828 850 1901 (pudet
887 1830 995 1883 heu
1033 1830 1361 1901 miseretque
1400 1831 1639 1900 potentis

23 1909 82 1942 1³⁵0
106 1898 402 1972 Europaei)
434 1902 644 1972 spoliat
679 1903 971 1973 thalamos,
1010 1903 1324 1975 Helenaque
1364 1905 1628 1974 superbus

106 1971 347 2044 Navigat
385 1978 440 2029 et
478 1979 667 2046 captos
708 1978 776 2031 ad
814 1977 1081 2048 Pergama
1119 1979 1334 2032 devehit
1373 1980 1569 2050 Argos,
1744 1992 1799 2032 65

109 2046 242 2100 Inde
281 2047 408 2102 dato
446 2051 648 2119 passim
687 2051 868 2105 varias
907 2070 1122 2106 rumore
1161 2072 1257 2123 per
1294 2055 1478 2117 urbeS‚

107 2119 356 2192 Undique
394 2123 615 2177 inexciti
656 2125 761 2178 sibi
802 2126 1028 2195 quisque
1067 2129 1122 2180 et
1161 2130 1357 2197 sponte
1397 2128 1605 2181 coimus

223 2283 267 2314 v.
301 2274 357 2314 56
383 2284 450 2326 sq.
482 2269 718 2327 Eutych.
752 2273 838 2317 art.
870 2272 914 2315 II
948 2277 1001 2316 15
1034 2288 1079 2329 p.
1106 2278 1207 2328 483,
1239 2277 1295 2317 28
1329 2273 1408 2319 K:
1444 2273 1644 2318 ‘Statius
1679 2273 1800 2319 libro

114 2327 158 2372 II
186 2328 494 2374 Achilleidos:
527 2329 634 2374 dum
667 2330 808 2375 Pelea
840 2331 974 2376 dulce
1006 2333 1200 2377 maritat
1237 2333 1435 2377 Pelion)

224 2452 280 2492 42
306 2447 522 2493 Venisses
539 2447 658 2493 dixit
680 2453 713 2491 P
751 2450 968 2495 Venisses
992 2451 1114 2497 ultro
1138 2453 1272 2499 ceteri
1309 2451 1527 2497 Venisses
1552 2452 1627 2485 —'
1656 2452 1799 2506 Dixit,

107 2506 272 2563 scripsi
311 2507 418 2564 Ipse
448 2506 612 2554 venis'.
659 2508 788 2553 Dixit
816 2509 1128 2556 Baehrensius
1164 2512 1180 2568 ΙΙ
1219 2516 1276 2556 43
1307 2511 1502 2569 longum
1532 2516 1565 2554 P
1605 2511 1798 2569 longum

65 2568 77 2580 '
110 2566 181 2612 est
210 2567 342 2611 ceteri
378 2567 395 2624 ΙΙ
429 2571 486 2611 44
515 2580 672 2612 versus
716 2569 769 2612 in
800 2572 879 2612 GH
927 2575 1037 2627 post
1065 2585 1105 2615 v.
1131 2575 1191 2616 45
1222 2572 1456 2616 invenitur
1497 2574 1503 2627 1
1547 2573 1705 2634 entese
1737 2576 1799 2629 ΡΜ

109 2643 166 2684 46
197 2640 491 2698 zephyroque
522 2645 556 2684 P
602 2642 905 2700 zephyrisque
937 2646 1070 2690 ceteri
1107 2647 1114 2699 Ι
1157 2646 1374 2690 fruuntur
1397 2651 1436 2689 A
1467 2644 1599 2690 Leid.
1629 2659 1713 2691 sec.
1739 2660 1797 2690 m.

63 2701 71 2707 ’
109 2700 235 2742 (mn
273 2699 484 2745 feruntur
522 2699 653 2746 Leid.
678 2716 756 2759 pr.
791 2717 849 2747 m.
888 2705 987 2749 edd.
1011 2705 1028 2761 ΙΙ
1050 2718 1205 2749 versus
1234 2708 1419 2750 49—69
1457 2706 1621 2749 desunt
1651 2706 1704 2748 in
1733 2704 1800 2763 ΒΗ

109 2761 166 2802 49
199 2759 426 2822 repetitos
458 2764 492 2803 P
519 2760 526 2818 Ι
562 2762 667 2805 ortu
697 2765 730 2803 P
757 2763 763 2817 Ι
792 2766 848 2806 50
878 2763 964 2808 Ida
992 2768 1026 2806 P
1057 2765 1115 2819 cf.
1142 2764 1253 2809 silv.
1281 2765 1317 2807 I
1337 2767 1385 2817 2,
1409 2767 1468 2809 43
1498 2766 1571 2818 (ut
1594 2765 1799 2809 emenda—

73 2875 78 2878 .
106 2835 234 2876 verat
262 2831 566 2890 Schraderus)
597 2848 678 2879 ora
708 2837 841 2880 ceteri
862 2838 878 2894 Η
902 2842 956 2882 53
985 2851 1140 2883 versus
1169 2838 1219 2882 in
1251 2837 1309 2880 (3²
1339 2842 1553 2883 contemtu
1583 2852 1684 2893 om„
1714 2852 1797 2883 sec.

105 2903 163 2935 m.
193 2904 337 2949 mary.
371 2894 632 2950 adscriptus
662 2895 764 2951 estu
787 2901 843 2941 58
875 2897 950 2942 Ira
982 2898 1144 2955 coquit
1173 2899 1241 2942 vel
1255 2899 1331 2943 Ira
1364 2898 1493 2942 acuit
1516 2895 1739 2943 Heinsius
