1976 3126
191 173 301 225 294
770 171 817 215 Ρ.
851 171 1077 216 ΡΑΡΙΝΠ
1109 171 1303 217 STATII

191 293 316 363 Dic,
354 295 581 362 parcant
620 292 916 361 leviterque
955 292 1177 362 vehant3
1218 309 1320 362 ego
1360 294 1584 348 vulnera
1623 295 1839 348 doctum

191 367 423 438 Iungere
463 366 808 435 supremique
847 365 1039 436 fugam
1076 384 1329 420 revocare
1369 369 1574 421 cruoris
1682 384 1685 387 ’

191 440 465 494 Aethiona
501 438 717 508 petam?
796 438 884 493 Sic
923 440 1241 510 imperfecta
1278 442 1488 495 locutus

190 515 424 584 Effugit3
463 514 548 566 illi
587 516 709 567 atra
746 532 983 567 mersum
1023 514 1256 584 caligine
1294 519 1482 585 pectus
1793 529 1877 570 735

191 587 449 641 Confudit
489 605 698 657 sensus3
738 588 915 656 pietas
944 588 1160 641 ‘incerta
1198 592 1433 660 vagatur

189 661 622 731 Discordantque
661 665 836 714 metus
846 704 861 731 ,
898 662 1185 732 impellunt
1224 663 1436 716 credere
1476 663 1692 717 Parcae.

264 736 535 788 Turbidus
575 736 783 788 interea
820 737 998 805 ruptis
1038 736 1308 790 venientia
1346 738 1519 806 portis

187 809 429 880 Agmina
468 809 722 880 belligeri
761 809 1042 879 Capaneus
1084 811 1199 879 agit
1239 828 1469 880 aequore
1509 812 1707 882 campi,

189 884 406 937 Cornua
443 902 585 936 nunc
625 884 893 953 equitum,
933 902 1130 938 cuneos
1162 903 1303 939 nunc
1333 884 1424 938 ille
1456 886 1753 956 pedestres,
1795 900 1878 940 740

188 957 264 1010 Et
300 958 672 1028 proculcantes
712 958 1094 1011 moderantum
1131 958 1321 1012 funera
1360 978 1567 1029 currus3

190 1031 342 1084 Idem
382 1033 524 1085 altas
563 1035 742 1085 turres
783 1032 928 1085 saxis
969 1035 1023 1085 et
1061 1034 1281 1086 turbine
1321 1034 1509 1087 crebro

188 1104 384 1159 Laxat:
426 1106 542 1174 agit
580 1109 789 1158 turmas
828 1106 972 1159 idem
1012 1110 1172 1176 atque
1211 1108 1270 1160 in
1309 1108 1569 1178 sanguine
1609 1108 1797 1161 fumat.

187 1178 345 1233 Nunc
394 1179 605 1250 spargit
641 1182 899 1249 torquens
939 1181 1147 1234 volucri
1186 1199 1329 1235 nova
1366 1182 1592 1235 vulnera
1631 1183 1878 1252 plumbo,

186 1251 344 1306 Nunc
383 1254 620 1306 iaculum
660 1271 883 1307 excusso
921 1257 1069 1307 rotat
1107 1257 1166 1307 in
1197 1255 1428 1309 sublime
1467 1257 1667 1310 lacerto
1678 1299 1692 1325 ‚
1792 1270 1876 1311 745

185 1325 460 1397 Nullaque
499 1330 769 1381 tectorum
810 1329 958 1381 subit
997 1329 1067 1381 ad
1104 1329 1328 1400 fastigia
1339 1326 1367 1399 ,'
1394 1348 1532 1400 quae
1569 1349 1681 1383 non

186 1399 409 1462 Deferat
446 1401 608 1455 hasta
645 1402 823 1455 virum
861 1402 1185 1472 perfusaque
1225 1404 1383 1457 caede
1422 1407 1678 1459 recurrat.

183 1473 299 1528 Nec
345 1475 456 1528 iam
504 1479 597 1528 aut
637 1475 879 1529 Oeniden
929 1480 1022 1530 aut
1060 1476 1504 1546 Hippomedonta
1541 1482 1877 1549 peremptos,

185 1548 300 1602 Aut
338 1553 518 1603 vatem
558 1550 792 1618 Pelopea
828 1551 1067 1620 phalanx
1106 1554 1200 1605 aut
1239 1551 1454 1606 Arcada
1494 1552 1741 1606 credunt:

186 1622 328 1684 Quin
367 1623 571 1676 socium
611 1625 804 1677 coiisse
843 1625 1052 1677 animas
1093 1629 1148 1678 et
1186 1643 1407 1694 corpore
1447 1627 1504 1679 in
1541 1646 1647 1680 uno
1792 1641 1878 1682 750

188 1694 344 1749 Stare
385 1715 596 1765 omnes3
635 1697 716 1750 ita
756 1701 949 1751 cuncta
986 1699 1179 1768 replet.
1250 1698 1377 1752 Non
1416 1700 1577 1753 ullius
1619 1703 1790 1770 aeta8‚

184 1767 312 1823 Non
350 1771 554 1838 cultUS‚
593 1789 703 1823 non
740 1771 916 1824 forma
955 1775 1159 1841 movet3
1199 1775 1568 1843 pugnantibus
1607 1775 1748 1828 idem

189 1841 641 1914 Supplicibusque
686 1844 842 1914 furit3
886 1864 997 1899 non
1036 1847 1318 1916 quisquam
1359 1848 1624 1901 obsistere
1664 1852 1876 1919 contra,

185 1915 314 1970 Non
351 1918 481 1970 belli
520 1921 786 1987 temptare
827 1920 994 1973 vices:
1033 1921 1222 1989 procul
1261 1939 1412 1975 arma
1451 1921 1682 1975 furentis

188 1990 585 2060 Terribilesque
623 1993 778 2045 iubas
819 1997 872 2045 et
911 1993 1148 2047 frontem
1188 1995 1410 2048 cassidis
1450 1995 1689 2050 horrent.
1789 2010 1875 2052 755

261 2065 338 2117 At
375 2066 498 2134 pius
540 2069 721 2119 erecta
759 2086 1037 2120 murorum
1076 2069 1133 2120 in
1171 2071 1327 2138 parte
1366 2069 1685 2124 Menoeceus

185 2137 302 2191 Iam
342 2157 493 2192 sacer
533 2144 754 2209 aspectu
794 2141 1060 2210 solitoque
1100 2143 1385 2213 augustior
1424 2162 1537 2212 ore,

171 2210 297 2265 Ceu
339 2213 516 2266 subito
557 2214 615 2266 in
653 2219 826 2268 terras
868 2234 1062 2284 supero
1104 2216 1368 2270 demissus
1409 2218 1476 2270 ab
1518 2237 1638 2288 axe,

190 2284 477 2356 Constitit,
517 2292 766 2357 exempta
805 2288 1127 2345 manifestus
1168 2291 1375 2344 casside
1413 2293 1586 2360 nosci,

184 2358 547 2430 Despexitque
588 2362 728 2415 acies
767 2362 1047 2415 hominum
1087 2366 1142 2416 et
1180 2365 1414 2418 clamore
1452 2366 1718 2435 profundo
1791 2381 1875 2421 760

280 2510 387 2571 ‘732
419 2491 614 2561 vulner‘}
642 2511 675 2548 P
707 2509 723 2563 ss
754 2511 840 2552 734
882 2507 1119 2553 Aethiona
1147 2514 1180 2552 P
1210 2511 1322 2556 Βοὴ.
1357 2514 1383 2555 1
1415 2509 1618 2555 Aetiona
1650 2516 1710 2555 Sc
1741 2512 1872 2569 Lips.

183 2579 369 2637 Aetbna
398 2598 431 2636 Β
472 2594 684 2639 Athiona
713 2600 752 2638 R.
790 2595 993 2641 Aetiona
1029 2598 1142 2642 Beh.
1175 2601 1208 2644 2
1246 2598 1443 2643 Petiona
1474 2599 1531 2642 (32
1561 2598 1802 2644 Aechiona
1831 2605 1875 2643 Μ

182 2653 281 2697 edd.
327 2652 539 2697 Echiona
577 2660 652 2698 GT
698 2654 913 2701 Etheona
950 2660 992 2699 Η
1037 2657 1236 2701 Eetiona
1280 2657 1538 2703 Gronovius
1575 2660 1591 2715 ss
1631 2664 1715 2704 736
1757 2660 1873 2705 Con-

183 2709 342 2754 fundit
378 2712 607 2759 Bao-thius
634 2716 640 2771 Ι
668 2715 864 2758 vocatur
894 2719 927 2757 P
949 2717 966 2772 ΙΙ
991 2720 1075 2760 740
1109 2718 1299 2761 cunctos
1331 2721 1364 2759 P
1386 2719 1402 2773 ΙΙ
1427 2722 1511 2762 742
1544 2716 1662 2762 alias
1693 2723 1726 2761 P
1749 2720 1765 2775 ss
1790 2722 1873 2763 755

182 2769 323 2813 tubas
354 2776 387 2814 P
417 2772 433 2828 ΙΙ
468 2778 551 2817 756
565 2787 664 2831 sqq.
701 2773 769 2829 Of:
803 2774 973 2831 Eurip.
1008 2775 1177 2821 Phoen.
1210 2781 1331 2822 1009
1356 2790 1447 2833 sqq.
1489 2781 1612 2822 1090
1633 2791 1722 2834 sqq.
1748 2780 1764 2833 ΙΙ
1789 2781 1872 2822 756

186 2829 336 2873 electa
368 2831 494 2875 codd.
528 2833 624 2877 edd.
668 2834 825 2877 erecta
863 2847 975 2879 corr.
1010 2833 1288 2880 Schraderus
1311 2836 1327 2892 ΙΙ
1351 2839 1435 2880 ’157
1468 2834 1583 2879 Tam
1613 2841 1645 2878 P
1668 2839 1684 2893 ΙΙ
1710 2842 1792 2882 759
1826 2838 1874 2880 et

187 2886 378 2945 dempta
405 2890 631 2936 Barthius
