1976 3094
645 122 990 170 THEBAIDOS
1022 122 1132 168 LIB.
1164 122 1242 169 VI.
1685 124 1792 178 145

20 261 22 271 *
105 246 211 303 Seu
228 246 559 331 Tyrrhenam
583 244 832 315 hiemem,
858 262 952 299 seu
978 247 1174 315 stagna
1192 244 1412 315 Aegaea
1435 244 1718 314 lacessant,
1735 259 1792 299 20

19 356 21 362 .
104 320 420 393 Tranquillo
458 320 609 390 prius
651 337 803 373 arma
840 319 962 373 lacu
1002 319 1318 389 clavumque
1355 319 1606 388 levesque

31 424 33 431 ·
102 394 410 467 Explorant
446 411 624 448 remos
665 396 824 463 atque
863 393 985 463 ipsa
1023 393 1262 463 pericula
1300 391 1540 463 discunt3

104 469 182 524 At
213 487 333 524 cum
365 471 589 539 experta
621 467 829 538 cohors,
859 470 989 521 tunc
1020 469 1250 538 pontum
1283 467 1592 537 inrumpere
1623 466 1795 522 fretae

104 542 343 614 Longius
383 545 702 613 ereptasque
743 541 914 596 oculis
954 559 1064 595 non
1103 558 1356 611 quaerere
1393 542 1584 596 terras.

177 616 340 672 Clara
376 615 700 671 laboriferos
741 616 890 670 caelo
931 615 1189 669 Tithonia
1227 634 1413 669 currus
1734 628 1793 670 25

101 690 393 746 Extulerat
431 690 733 762 vigilesque
773 690 901 743 deae
941 690 1199 759 pallentis
1238 689 1480 743 habenas

101 765 176 821 Et
213 764 339 821 Nox
377 767 432 819 et
469 782 635 820 cornu
674 764 922 835 fugiebat
962 762 1191 818 Somnus
1231 763 1400 832 inani3

106 839 223 894 Iam
263 839 525 910 plangore
564 839 704 908 viae,
745 838 953 908 gemitu
991 837 1101 891 iam
1140 838 1290 907 regia
1326 838 1504 907 mugit

102 913 350 983 Flebilis,
390 915 640 983 acceptos
679 913 842 983 longe
880 930 1105 966 nemora
1144 912 1266 966 avia
1304 911 1567 983 frangunt

103 986 579 1059 Multiplicantque
618 1004 796 1041 sonos.
876 985 1039 1040 Sedet
1077 986 1194 1055 ipse
1234 989 1427 1040 exutus
1465 986 1677 1040 honoro
1739 999 1797 1041 30

102 1060 383 1116 Vittarum
420 1078 561 1115 nexu
599 1061 814 1131 genitor
853 1059 1260 1130 squalentiaque
1300 1078 1394 1114 ora

25 1146 27 1162 '
106 1134 336 1206 Sparsus
376 1138 432 1190 et
468 1135 731 1189 incultam
769 1134 926 1188 ferali
964 1135 1187 1204 pulvere
1225 1134 1468 1187 barbam.

26 1206 27 1214 ’
106 1209 222 1280 Asp
226 1209 368 1263 erior
406 1212 597 1264 contra
633 1209 988 1279 planctusque
1030 1225 1250 1278 egressa
1288 1208 1472 1262 viriles

103 1283 372 1355 Exemplo
411 1279 647 1337 famulas
686 1283 886 1353 premit
923 1283 1276 1352 hortaturque
1315 1283 1558 1336 volentes

106 1357 256 1412 Orba
292 1375 512 1427 parem,
551 1357 864 1427 lacerasque
905 1374 1066 1427 super
1104 1374 1455 1426 prorumpere
1495 1356 1613 1409 nati
1741 1369 1798 1410 35

105 1430 388 1502 Reliquias
424 1430 582 1485 ardet
619 1431 929 1501 totiensque
969 1431 1159 1484 avulsa
1197 1430 1441 1484 refertur.

107 1505 274 1560 Arcet
311 1508 367 1559 et
404 1505 522 1576 ipse
560 1508 731 1576 pater.
807 1504 935 1558 Mox
973 1507 1036 1557 ut
1074 1505 1373 1558 maerentia
1411 1504 1589 1573 dignis

71 1582 81 1618 ⁸
109 1578 371 1634 Vultibus
411 1578 622 1634 Inachii
660 1581 1012 1649 penetrarunt
1052 1578 1243 1632 limina
1280 1595 1458 1648 regeS‚

67 1626 77 1711 ,l
114 1651 226 1708 Ceu
262 1672 404 1709 nova
441 1656 573 1708 tunc
612 1653 788 1708 clades
829 1657 883 1707 et
920 1653 1096 1722 primo
1137 1653 1349 1707 saucius
1390 1652 1569 1705 infans

50 1727 72 1746 ²
107 1726 345 1782 Vulnere
381 1727 631 1783 letalisve
670 1728 1002 1797 inrumperet
1042 1727 1182 1781 atria
1222 1744 1442 1796 serpens
1451 1768 1466 1795 ,
1743 1740 1800 1780 40

111 1799 200 1855 Sic
240 1801 408 1855 alium
447 1820 514 1856 ex
552 1801 658 1856 alio
698 1820 1028 1873 quamquam
1068 1802 1274 1855 lassata
1310 1800 1585 1871 fragorem

108 1875 342 1930 Pectora
379 1875 786 1946 congeminant,
824 1875 1206 1945 integratoque
1244 1875 1511 1929 resultant

109 1948 383 2003 Accensae
422 1949 656 2003 clamore
694 1949 862 2019 fores3
903 1967 1118 2002 sensere
1157 1949 1376 2020 Pelasgi

110 2023 378 2077 Invidiam
416 2026 470 2076 et
508 2023 746 2076 lacrimis
786 2026 1045 2076 excusant
1084 2023 1286 2076 crimen
1325 2023 1547 2076 obortis,

184 2097 333 2167 Ipse,
374 2097 560 2150 datum
600 2095 850 2167 quotiens
889 2097 1255 2166 intereisoque
1293 2096 1534 2149 tumultu
1745 2108 1802 2150 45

52 2211 54 2222 ,
111 2168 388 2225 Conticuit
426 2170 734 2241 stupefacta
774 2171 987 2239 (10111118,
1029 2170 1237 2224 solatur
1274 2169 1542 2223 Adrastus

53 2249 56 2297 ’.
112 2243 384 2316 Alloquiis
410 2244 729 2314 ‘genitorem
765 2245 934 2314 ultr0‚
972 2262 1115 2297 nunc
1153 2244 1270 2297 fata
1307 2261 1593 2297 recensens

54 2318 327 2390 Resque
366 2317 647 2372 hominum
686 2319 847 2372 duras
888 2323 943 2371 et
980 2318 1314 2372 inexorabile
1351 2337 1603 2388 pensum,

110 2391 268 2448 Nunc
308 2393 472 2447 aliam
511 2393 719 2463 prolem
758 2411 1119 2478 mansuraque
1158 2392 1379 2446 numine
1420 2392 1606 2446 dextro

4 2476 5 2484 ¹
61 2446 71 2515 l
111 2465 363 2538 Pignora.
409 2466 666 2520 Nondum
697 2468 835 2521 orsis
867 2467 1076 2536 moduS,
1108 2470 1162 2520 et
1185 2467 1426 2520 lamenta
1449 2467 1714 2520 redibant.
1747 2479 1804 2520 50

63 2519 240 2626 {Ulla
275 2558 470 2610 quoque
507 2541 720 2607 adfatus
755 2558 861 2596 non
898 2542 1107 2595 mollius
1144 2542 1293 2595 audit
1328 2542 1542 2609 amicae,

69 2689 74 2707 2
231 2676 289 2717 20
318 2672 555 2717 lacessant
578 2676 654 2714 PG
683 2671 824 2718 Rem».
849 2673 920 2717 οδ
954 2671 1086 2719 Leid.
1118 2671 1357 2716 lacessunt
1388 2671 1535 2713 (3281
1566 2670 1808 2714 lacescunt

70 2731 265 2788 8125
297 2729 436 2776 Clara
465 2730 549 2775 ubi
580 2730 798 2775 roriferos
828 2731 1157 2777 Lachmamms
1179 2733 1195 2788 11
1219 2736 1275 2775 30
1305 2730 1482 2790 honore
1507 2734 1540 2771 P
1561 2729 1702 2775 Remi.
1728 2743 1804 2786 pr.

115 2800 174 2835 m.
203 2790 222 2848 fl
251 2794 308 2836 35
346 2804 648 2849 prorumpere
687 2794 764 2833 PG
803 2792 897 2836 cod
932 2791 1122 2836 Heinsii
1159 2789 1462 2848 procumbere
1493 2789 1660 2846 reliqui
1694 2789 1712 2845 Ι
1748 2793 1804 2833 41

118 2844 305 2906 fragore
342 2854 375 2893 P
411 2852 428 2908 ΙΙ
464 2865 531 2896 vv.
575 2853 696 2896 51-
709 2853 768 2895 53
813 2863 897 2896 om.
936 2855 992 2904 P
1041 2851 1126 2896 ads
1109 2863 1188 2896 cre.
1230 2851 1289 2896 al
1322 2864 1378 2896 m.
1428 2848 1650 2892 deficiunt
1696 2849 1804 2899 tres,

204 2929 546 2966 888811Τ11811188
1394 2928 1448 2968 10
