1976 3126
665 178 1004 225 THEBAIDOS
1036 178 1149 226 LIB.
1181 177 1281 225 XII.
1719 179 1823 233 341

38 331 49 364 ς
133 301 239 356 Hic
277 301 382 356 tibi
418 301 512 355 lon
556 320 616 354 us
657 300 855 370 honOS‚
892 300 981 354 hic
1020 300 1255 354 indivisa
1293 298 1575 370 potestas?
1741 315 1827 354 335

135 375 277 440 Quid
317 392 513 446 queror
589 375 712 445 ipsa
752 375 873 428 dedi
912 375 1115 429 bellum
1154 378 1531 444 maestumque
1570 376 1759 444 rogavi

12 419 47 450 η’
133 449 261 520 Ipsa
299 452 539 520 patrem,
577 453 638 502 ut
675 450 842 503 talem
881 468 1022 503 nunc
1061 453 1116 502 te
1158 449 1437 518 complexa
1475 453 1730 503 tenerem.

135 522 240 578 Sed
271 524 406 578 bene
439 523 628 594 habet,
661 524 865 594 superi,
901 528 1119 594 gratum
1160 528 1266 592 est,
1306 521 1568 592 Fortuna3
1607 528 1829 592 peracta

135 596 270 669 Spes
311 598 612 668 longinqua
650 598 792 651 viae·
832 602 978 652 totos
1018 597 1322 651 invenimus
1364 602 1529 652 artus.

131 671 201 725 Ei
241 671 399 741 mihi,
440 671 532 726 sed
573 675 776 742 quanto
819 671 1092 725 descendit
1126 672 1319 725 vulnus
1359 670 1539 725 hiatu!
1740 686 1827 726 340

26 734 48 807 «ζῖ
130 746 251 800 Hoc
288 741 500 800 frater?
542 764 649 830 qua
688 749 867 815 parte,
907 764 1119 815 precor
1157 747 1299 799 iacet
1337 745 1430 798 ille
1469 746 1730 800 nefandus

131 819 464 874 Praedator?
504 820 719 874 vincam
759 821 1004 874 volucres
1046 818 1144 891 (sit
1183 820 1330 873 adire
1369 821 1640 890 potestas)

27 908 50 953 ’,
130 893 538 965 Excludamque
577 893 744 962 feras3
786 912 854 947 an
893 894 1060 947 habet
1099 895 1346 947 funestus
1387 898 1442 946 et
1480 895 1674 963 ignes?

134 967 239 1023 Sed
277 986 377 1023 nec
415 971 469 1022 te
510 968 746 1022 flammis
786 969 1003 1038 inopem
1042 974 1139 1022 tua
1178 972 1327 1021 terra
1365 968 1594 1022 videbit:

0 1040 51 1108 ᾗ,
132 1042 367 1096 Ardebis
408 1042 767 1112 lacrimasque
807 1044 974 1111 feres,
1014 1062 1148 1112 quas
1188 1043 1329 1095 ferre
1368 1048 1625 1112 negatum
1741 1057 1827 1097 345

5 1125 50 1176 ζ
129 1115 398 1188 Regibus,
436 1117 768 1187 longumque
807 1121 902 1170 tuo
943 1117 1209 1170 famulata
1249 1117 1496 1187 sepulcro

131 1189 369 1245 Durabit
408 1190 622 1244 deserta
658 1191 814 1261 fides,
853 1193 1116 1261 testisque
1157 1191 1407 1245 dolorum

39 1303 42 1308 ‚
134 1264 315 1319 Natus
356 1266 481 1335 erit,
520 1283 793 1334 parvoque
832 1269 1013 1319 torum
1052 1266 1307 1335 Polynice
1348 1264 1579 1319 fovebo?

206 1338 348 1394 Ecce
388 1339 525 1394 alios
566 1340 799 1410 gemitus
841 1340 1110 1410 aliamque
1151 1340 1219 1392 ad
1257 1340 1421 1392 busta
1459 1339 1671 1393 ferebat

132 1413 410 1483 Antigone
449 1413 754 1467 miseranda
792 1415 989 1484 facem,
1028 1415 1118 1468 vix
1156 1418 1354 1467 nancta
1391 1414 1594 1483 petitos
1739 1429 1826 1468 350

127 1486 414 1541 Moenibus
456 1504 728 1558 egressus3
769 1488 919 1541 illam
957 1507 1087 1542 nam
1125 1492 1370 1558 tempore
1410 1489 1468 1540 in
1508 1489 1657 1541 omni

129 1561 436 1615 Attendunt
473 1562 667 1632 vigiles
708 1565 762 1614 et
800 1581 893 1615 rex
932 1563 1083 1616 iubet
1120 1563 1235 1632 ipse
1275 1562 1472 1631 teneri,

130 1634 560 1707 Contractaeque
599 1635 743 1690 vices
785 1641 839 1690 et
879 1637 1119 1690 crebrior
1158 1637 1388 1690 excubat
1427 1636 1587 1707 ignis.

128 1709 279 1781 Ergo
320 1711 433 1764 deis
472 1710 737 1780 fratrique
777 1729 959 1765 moras
1000 1716 1223 1764 excusat
1263 1714 1318 1763 et
1357 1729 1540 1764 amens
1550 1753 1564 1780 ,

130 1782 209 1837 Ut
247 1784 473 1853 paulum
513 1784 749 1838 admisso
792 1786 954 1838 cessit
994 1787 1160 1839 statio
1201 1785 1424 1839 horrida
1464 1804 1679 1855 somno,
1737 1801 1824 1839 355

127 1857 384 1928 Erumpit
423 1859 613 1911 muris:
653 1859 875 1912 fremitu
916 1878 1022 1929 quo
1062 1860 1282 1913 territat
1322 1877 1482 1930 agros

23 2005 25 2012 Ι
60 1930 63 1933 χ
129 1930 377 2002 Virginis
416 1931 500 1985 ira
536 1932 675 2000 leae,
713 1933 892 1986 rabies
933 1934 1231 1987 cuilibera
1269 1934 1490 1987 tandem

127 2005 204 2060 Et
239 2006 448 2077 primus
489 2005 604 2059 sine
643 2009 817 2059 matre
855 2007 1021 2062 furor.
1098 2007 1213 2061 Nec
1251 2009 1418 2078 longa
1457 2014 1691 2078 morata,

130 2079 343 2151 Quippe
374 2084 582 2134 trucem
615 2098 865 2150 campum
900 2086 977 2150 et,
1007 2083 1218 2152 positus
1252 2100 1357 2151 quo
1391 2082 1611 2151 pulvere
1642 2083 1825 2153 frater,

133 2153 393 2208 Noverat.
465 2155 645 2224 Atque
684 2154 838 2207 illam
879 2160 1068 2209 contra
1106 2156 1301 2209 videt
1286 2174 1363 2208 ire
1395 2155 1698 2227 MenoeteS,
1737 2171 1826 2210 360

129 2225 231 2281 Cui
269 2232 449 2298 vacat,
489 2231 542 2281 et
581 2246 736 2281 carae
777 2230 1014 2298 gemitus
1055 2230 1350 2314 compescit
1390 2231 1651 2285 alumnae.

130 2300 265 2356 Cum
304 2307 490 2356 tamen
529 2309 734 2356 erectas
776 2306 1047 2357 extremus
1087 2304 1320 2374 virginis
1361 2323 1517 2358 aures

135 2375 385 2431 Accessit
424 2395 613 2446 sonim,
651 2387 817 2446 utque
859 2382 979 2431 atra
1020 2379 1117 2431 sub
1159 2383 1309 2432 veste
1350 2380 1624 2449 comisque

248 2498 335 2538 338
365 2493 561 2550 peracta
590 2497 623 2535 P
654 2494 850 2549 peracta
882 2495 954 2538 est
986 2495 1119 2539 ceteri
1149 2497 1163 2552 ΙΙ
1196 2499 1280 2539 341
1314 2494 1429 2539 iacit
1459 2500 1491 2537 P
1522 2497 1647 2551 11343
1679 2495 1823 2539 Exce-

131 2550 332 2608 danique
371 2552 599 2597 Heinsius
636 2552 651 2608 ss
689 2557 776 2597 345
799 2567 862 2610 sq.
902 2555 1038 2598 verba
1075 2553 1389 2610 lacrimasque
1414 2581 1471 2587 —
1495 2554 1705 2610 Regibus
1748 2557 1821 2599 de-

128 2616 238 2656 sunt
275 2613 329 2656 in
359 2615 392 2654 P
431 2613 447 2667 ΙΙ
485 2617 571 2656 345
603 2611 804 2656 Ardebit
833 2617 866 2656 P
894 2615 900 2669 Ι
926 2615 1153 2669 negatum
1185 2615 1257 2657 est
1289 2619 1399 2657 cRT
1437 2616 1451 2671 ΙΙ
1490 2619 1576 2658 346
1608 2613 1823 2670 longum-

127 2683 218 2726 que
250 2675 283 2713 P
323 2671 659 2726 aeternumque
697 2673 832 2717 ceteri
868 2674 882 2729 ΙΙ
923 2678 1008 2718 347
1055 2673 1359 2729 pestisqueP
1397 2676 1412 2730 ΙΙ
1451 2678 1538 2718 350
1583 2675 1759 2717 nancta
1788 2678 1822 2716 P

125 2731 268 2774 nacta
298 2731 433 2776 ceteri
469 2732 484 2787 ΙΙ
523 2735 608 2774 352
649 2732 813 2797 teneri.
835 2736 916 2774 GR
946 2733 1102 2776 timeri
1133 2737 1262 2775 PBH
1301 2734 1316 2789 ΙΙ
1351 2738 1437 2777 355
1470 2732 1643 2776 amisso
1674 2738 1706 2775 P
1740 2732 1819 2776 ad-

126 2787 272 2833 misso
312 2803 425 2835 corr.
459 2790 769 2835 Baehrensius
799 2789 1010 2835 immisso
1044 2794 1177 2836 cetewi
1207 2793 1334 2837 codd.
1359 2794 1375 2848 ΙΙ
1399 2797 1483 2836 361
1519 2791 1609 2844 Qui
1644 2792 1821 2850 Peyr-cz

125 2849 260 2893 rodus
295 2849 517 2894 ‘absolute
545 2851 762 2905 positum’
790 2852 805 2906 ss
829 2855 914 2896 362
947 2853 1182 2895 extremus
1209 2853 1388 2895 erectas
1405 2856 1576 2894 BGHT
1600 2853 1819 2896 extremis

127 2908 305 2952 erectas
338 2923 362 2952 ο
398 2911 601 2952 arrectas
632 2909 858 2956 Bmthius
