<?xml version="1.0" encoding="UTF-8"?>
<!DOCTYPE html PUBLIC "-//W3C//DTD XHTML 1.0 Transitional//EN"
    "http://www.w3.org/TR/xhtml1/DTD/xhtml1-transitional.dtd">
<html xmlns="http://www.w3.org/1999/xhtml" xml:lang="en" lang="en">
 <head>
  <title>
</title>
<meta http-equiv="Content-Type" content="text/html;charset=utf-8" />
  <meta name='ocr-system' content='tesseract 3.04.00' />
  <meta name='ocr-capabilities' content='ocr_page ocr_carea ocr_par ocr_line ocrx_word'/>
</head>
<body>
  <div class='ocr_page' id='page_1' title='image "./operapapinius12statuoft_0523.png"; bbox 0 0 1976 3126; ppageno 0'>
   <div class='ocr_carea' id='block_1_1' title="bbox 624 162 1767 217">
    <p class='ocr_par' dir='ltr' id='par_1_1' title="bbox 624 162 1767 217">
     <span class='ocr_line' id='line_1_1' title="bbox 624 162 1767 217; baseline 0.008 -9"><span class='ocrx_word' id='word_1_1' title='bbox 624 163 966 211; x_wconf 86' lang='lat' dir='ltr'>THEBAIDOS</span> <span class='ocrx_word' id='word_1_2' title='bbox 997 162 1109 208; x_wconf 90' lang='lat' dir='ltr'><strong>LIB.</strong></span> <span class='ocrx_word' id='word_1_3' title='bbox 1143 162 1219 211; x_wconf 89' lang='lat' dir='ltr'><strong>IX.</strong></span> <span class='ocrx_word' id='word_1_4' title='bbox 1659 164 1767 217; x_wconf 80' lang='grc'><strong>253</strong></span> 
     </span>
    </p>
   </div>
   <div class='ocr_carea' id='block_1_2' title="bbox 40 285 1783 2129">
    <p class='ocr_par' dir='ltr' id='par_1_2' title="bbox 40 285 1578 358">
     <span class='ocr_line' id='line_1_2' title="bbox 40 285 1578 358; baseline -0.004 -13.868"><span class='ocrx_word' id='word_1_5' title='bbox 40 287 480 358; x_wconf 81' lang='lat' dir='ltr'><strong>Excussumque</strong></span> <span class='ocrx_word' id='word_1_6' title='bbox 518 304 684 340; x_wconf 91' lang='lat' dir='ltr'><strong>manu</strong></span> <span class='ocrx_word' id='word_1_7' title='bbox 721 285 985 358; x_wconf 88' lang='lat' dir='ltr'><strong>tegimen,</strong></span> <span class='ocrx_word' id='word_1_8' title='bbox 1025 302 1391 355; x_wconf 87' lang='lat' dir='ltr'><strong>conversaque</strong></span> <span class='ocrx_word' id='word_1_9' title='bbox 1431 285 1578 339; x_wconf 89' lang='lat' dir='ltr'><strong>lente</strong></span> 
     </span>
    </p>

    <p class='ocr_par' dir='ltr' id='par_1_3' title="bbox 77 358 1681 434">
     <span class='ocr_line' id='line_1_3' title="bbox 77 358 1681 434; baseline -0.003 -17"><span class='ocrx_word' id='word_1_10' title='bbox 77 362 254 434; x_wconf 86' lang='lat' dir='ltr'><strong>Terga</strong></span> <span class='ocrx_word' id='word_1_11' title='bbox 291 359 472 416; x_wconf 87' lang='lat' dir='ltr'><strong>refert.</strong></span> <span class='ocrx_word' id='word_1_12' title='bbox 548 359 766 414; x_wconf 76' lang='lat' dir='ltr'><strong>Instant</strong></span> <span class='ocrx_word' id='word_1_13' title='bbox 804 358 978 413; x_wconf 91' lang='lat' dir='ltr'><strong>undae</strong></span> <span class='ocrx_word' id='word_1_14' title='bbox 1019 359 1366 429; x_wconf 77' lang='lat' dir='ltr'><strong>sequiturque</strong></span> <span class='ocrx_word' id='word_1_15' title='bbox 1405 359 1681 413; x_wconf 86' lang='lat' dir='ltr'><strong>labantem</strong></span> 
     </span>
    </p>

    <p class='ocr_par' dir='ltr' id='par_1_4' title="bbox 76 433 1544 504">
     <span class='ocr_line' id='line_1_4' title="bbox 76 433 1544 504; baseline -0.003 -13"><span class='ocrx_word' id='word_1_16' title='bbox 76 435 273 491; x_wconf 80' lang='lat' dir='ltr'>Amnis</span> <span class='ocrx_word' id='word_1_17' title='bbox 313 452 502 504; x_wconf 84' lang='lat' dir='ltr'><strong>ovans;</strong></span> <span class='ocrx_word' id='word_1_18' title='bbox 541 452 640 488; x_wconf 94' lang='lat' dir='ltr'><strong>nec</strong></span> <span class='ocrx_word' id='word_1_19' title='bbox 679 452 790 488; x_wconf 94' lang='lat' dir='ltr'><strong>non</strong></span> <span class='ocrx_word' id='word_1_20' title='bbox 831 434 976 488; x_wconf 84' lang='lat' dir='ltr'><strong>saxis</strong></span> <span class='ocrx_word' id='word_1_21' title='bbox 1017 436 1072 487; x_wconf 91' lang='lat' dir='ltr'><strong>et</strong></span> <span class='ocrx_word' id='word_1_22' title='bbox 1111 433 1372 503; x_wconf 84' lang='lat' dir='ltr'>grandine</span> <span class='ocrx_word' id='word_1_23' title='bbox 1412 433 1544 487; x_wconf 86' lang='lat' dir='ltr'><strong>ferri</strong></span> 
     </span>
    </p>

    <p class='ocr_par' dir='ltr' id='par_1_5' title="bbox 75 507 1484 580">
     <span class='ocr_line' id='line_1_5' title="bbox 75 507 1484 580; baseline -0.004 -16"><span class='ocrx_word' id='word_1_24' title='bbox 75 509 322 580; x_wconf 83' lang='lat' dir='ltr'><strong>Desuper</strong></span> <span class='ocrx_word' id='word_1_25' title='bbox 352 509 616 563; x_wconf 82' lang='lat' dir='ltr'><strong>infestant</strong></span> <span class='ocrx_word' id='word_1_26' title='bbox 653 507 808 578; x_wconf 87' lang='lat' dir='ltr'><strong>Tyrii</strong></span> <span class='ocrx_word' id='word_1_27' title='bbox 846 507 1170 578; x_wconf 90' lang='lat' dir='ltr'><strong>geminoque</strong></span> <span class='ocrx_word' id='word_1_28' title='bbox 1211 507 1484 577; x_wconf 87' lang='lat' dir='ltr'><strong>repellunt</strong></span> 
     </span>
    </p>

    <p class='ocr_par' dir='ltr' id='par_1_6' title="bbox 75 580 1771 656">
     <span class='ocr_line' id='line_1_6' title="bbox 75 580 1771 656; baseline -0.004 -16"><span class='ocrx_word' id='word_1_29' title='bbox 75 583 164 654; x_wconf 85' lang='lat' dir='ltr'><strong>Ag</strong></span> <span class='ocrx_word' id='word_1_30' title='bbox 128 601 307 656; x_wconf 89' lang='lat' dir='ltr'><strong>ggere.</strong></span> <span class='ocrx_word' id='word_1_31' title='bbox 383 582 527 646; x_wconf 85' lang='lat' dir='ltr'><strong>Quid</strong></span> <span class='ocrx_word' id='word_1_32' title='bbox 564 581 732 636; x_wconf 90' lang='lat' dir='ltr'><strong>faciat</strong></span> <span class='ocrx_word' id='word_1_33' title='bbox 770 581 930 636; x_wconf 90' lang='lat' dir='ltr'><strong>bellis</strong></span> <span class='ocrx_word' id='word_1_34' title='bbox 972 582 1224 634; x_wconf 90' lang='lat' dir='ltr'><strong>obsessus</strong></span> <span class='ocrx_word' id='word_1_35' title='bbox 1266 585 1321 634; x_wconf 90' lang='lat' dir='ltr'><strong>et</strong></span> <span class='ocrx_word' id='word_1_36' title='bbox 1359 580 1556 634; x_wconf 78' lang='lat' dir='ltr'><strong>undis?</strong></span> <span class='ocrx_word' id='word_1_37' title='bbox 1683 594 1771 635; x_wconf 80' lang='grc'>490</span> 
     </span>
    </p>

    <p class='ocr_par' dir='ltr' id='par_1_7' title="bbox 74 655 1623 802">
     <span class='ocr_line' id='line_1_7' title="bbox 74 655 1623 727; baseline -0.003 -15"><span class='ocrx_word' id='word_1_38' title='bbox 74 655 286 712; x_wconf 87' lang='lat' dir='ltr'><strong>Necfu</strong></span> <span class='ocrx_word' id='word_1_39' title='bbox 289 674 361 727; x_wconf 87' lang='lat' dir='ltr'><strong>ga</strong></span> <span class='ocrx_word' id='word_1_40' title='bbox 397 657 509 711; x_wconf 91' lang='lat' dir='ltr'><strong>iam</strong></span> <span class='ocrx_word' id='word_1_41' title='bbox 548 656 771 725; x_wconf 81' lang='lat' dir='ltr'><strong>misem,</strong></span> <span class='ocrx_word' id='word_1_42' title='bbox 808 673 908 709; x_wconf 92' lang='lat' dir='ltr'><strong>nec</strong></span> <span class='ocrx_word' id='word_1_43' title='bbox 947 673 1177 726; x_wconf 90' lang='lat' dir='ltr'><strong>magnae</strong></span> <span class='ocrx_word' id='word_1_44' title='bbox 1217 656 1374 724; x_wconf 90' lang='lat' dir='ltr'><strong>copia</strong></span> <span class='ocrx_word' id='word_1_45' title='bbox 1412 655 1623 709; x_wconf 81' lang='lat' dir='ltr'><strong>mortiS.</strong></span> 
     </span>
     <span class='ocr_line' id='line_1_8' title="bbox 152 729 1498 814; baseline -0.002 -29"><span class='ocrx_word' id='word_1_46' title='bbox 152 730 346 785; x_wconf 85' lang='lat' dir='ltr'><strong>Stabat</strong></span> <span class='ocrx_word' id='word_1_47' title='bbox 383 730 695 802; x_wconf 83' lang='lat' dir='ltr'><strong>gramineae</strong></span> <span class='ocrx_word' id='word_1_48' title='bbox 733 730 998 800; x_wconf 89' lang='lat' dir='ltr'><strong>producta</strong></span> <span class='ocrx_word' id='word_1_49' title='bbox 1038 729 1310 814; x_wconf 83' lang='lat' dir='ltr'><strong>crepidine</strong></span> <span class='ocrx_word' id='word_1_50' title='bbox 1349 730 1498 798; x_wconf 86' lang='lat' dir='ltr'><strong>ripae</strong></span> 
     </span>
    </p>

    <p class='ocr_par' dir='ltr' id='par_1_8' title="bbox 75 803 1519 872">
     <span class='ocr_line' id='line_1_9' title="bbox 75 803 1519 872; baseline -0.003 -12"><span class='ocrx_word' id='word_1_51' title='bbox 75 804 360 860; x_wconf 88' lang='lat' dir='ltr'><strong>Undarum</strong></span> <span class='ocrx_word' id='word_1_52' title='bbox 400 823 463 859; x_wconf 92' lang='lat' dir='ltr'><strong>ac</strong></span> <span class='ocrx_word' id='word_1_53' title='bbox 501 806 677 859; x_wconf 87' lang='lat' dir='ltr'><strong>terrae</strong></span> <span class='ocrx_word' id='word_1_54' title='bbox 716 804 903 872; x_wconf 87' lang='lat' dir='ltr'><strong>dubio,</strong></span> <span class='ocrx_word' id='word_1_55' title='bbox 945 803 1038 857; x_wconf 90' lang='lat' dir='ltr'><strong>sed</strong></span> <span class='ocrx_word' id='word_1_56' title='bbox 1078 804 1299 857; x_wconf 88' lang='lat' dir='ltr'><strong>amicior</strong></span> <span class='ocrx_word' id='word_1_57' title='bbox 1337 803 1519 872; x_wconf 89' lang='lat' dir='ltr'><strong>undis,</strong></span> 
     </span>
    </p>

    <p class='ocr_par' dir='ltr' id='par_1_9' title="bbox 76 877 1542 950">
     <span class='ocr_line' id='line_1_10' title="bbox 76 877 1542 950; baseline -0.002 -17"><span class='ocrx_word' id='word_1_58' title='bbox 76 877 340 935; x_wconf 84' lang='lat' dir='ltr'><strong>Fraxinus</strong></span> <span class='ocrx_word' id='word_1_59' title='bbox 380 878 695 950; x_wconf 81' lang='lat' dir='ltr'><strong>ingentique</strong></span> <span class='ocrx_word' id='word_1_60' title='bbox 734 878 933 933; x_wconf 83' lang='lat' dir='ltr'><strong>vadum</strong></span> <span class='ocrx_word' id='word_1_61' title='bbox 972 877 1291 946; x_wconf 83' lang='lat' dir='ltr'><strong>possederat</strong></span> <span class='ocrx_word' id='word_1_62' title='bbox 1330 877 1542 931; x_wconf 91' lang='lat' dir='ltr'><strong>umbra.</strong></span> 
     </span>
    </p>

    <p class='ocr_par' dir='ltr' id='par_1_10' title="bbox 77 951 1774 1024">
     <span class='ocr_line' id='line_1_11' title="bbox 77 951 1774 1024; baseline -0.002 -16"><span class='ocrx_word' id='word_1_63' title='bbox 77 952 254 1008; x_wconf 91' lang='lat' dir='ltr'><strong>Huius</strong></span> <span class='ocrx_word' id='word_1_64' title='bbox 296 971 455 1024; x_wconf 91' lang='lat' dir='ltr'><strong>opem</strong></span> <span class='ocrx_word' id='word_1_65' title='bbox 495 958 645 1024; x_wconf 74' lang='lat' dir='ltr'><strong>(nam</strong></span> <span class='ocrx_word' id='word_1_66' title='bbox 685 971 792 1022; x_wconf 91' lang='lat' dir='ltr'><strong>qua</strong></span> <span class='ocrx_word' id='word_1_67' title='bbox 829 955 1005 1005; x_wconf 92' lang='lat' dir='ltr'><strong>terras</strong></span> <span class='ocrx_word' id='word_1_68' title='bbox 1043 951 1385 1022; x_wconf 71' lang='lat' dir='ltr'><strong>invaderetP)</strong></span> <span class='ocrx_word' id='word_1_69' title='bbox 1425 969 1563 1005; x_wconf 90' lang='lat' dir='ltr'><strong>unca</strong></span> <span class='ocrx_word' id='word_1_70' title='bbox 1687 964 1774 1005; x_wconf 78' lang='lat'><strong>495</strong></span> 
     </span>
    </p>

    <p class='ocr_par' dir='ltr' id='par_1_11' title="bbox 77 1025 1489 1098">
     <span class='ocr_line' id='line_1_12' title="bbox 77 1025 1489 1098; baseline -0.004 -16"><span class='ocrx_word' id='word_1_71' title='bbox 77 1026 326 1098; x_wconf 88' lang='lat' dir='ltr'><strong>Arripuit</strong></span> <span class='ocrx_word' id='word_1_72' title='bbox 365 1027 577 1082; x_wconf 86' lang='lat' dir='ltr'><strong>dextra:</strong></span> <span class='ocrx_word' id='word_1_73' title='bbox 615 1044 714 1080; x_wconf 93' lang='lat' dir='ltr'><strong>nec</strong></span> <span class='ocrx_word' id='word_1_74' title='bbox 751 1025 981 1096; x_wconf 90' lang='lat' dir='ltr'><strong>pertulit</strong></span> <span class='ocrx_word' id='word_1_75' title='bbox 1019 1025 1117 1079; x_wconf 90' lang='lat' dir='ltr'><strong>illa</strong></span> <span class='ocrx_word' id='word_1_76' title='bbox 1154 1026 1489 1093; x_wconf 84' lang='lat' dir='ltr'><strong>trahentem3</strong></span> 
     </span>
    </p>

    <p class='ocr_par' dir='ltr' id='par_1_12' title="bbox 42 1099 1565 1171">
     <span class='ocr_line' id='line_1_13' title="bbox 42 1099 1565 1171; baseline -0.003 -16"><span class='ocrx_word' id='word_1_77' title='bbox 42 1155 43 1166; x_wconf 57' lang='grc'>,</span> <span class='ocrx_word' id='word_1_78' title='bbox 79 1099 185 1155; x_wconf 82' lang='lat' dir='ltr'><strong>Sed</strong></span> <span class='ocrx_word' id='word_1_79' title='bbox 223 1101 425 1155; x_wconf 89' lang='lat' dir='ltr'><strong>maiore</strong></span> <span class='ocrx_word' id='word_1_80' title='bbox 466 1118 650 1171; x_wconf 90' lang='lat' dir='ltr'><strong>super,</strong></span> <span class='ocrx_word' id='word_1_81' title='bbox 690 1119 852 1171; x_wconf 90' lang='lat' dir='ltr'><strong>quam</strong></span> <span class='ocrx_word' id='word_1_82' title='bbox 893 1100 1103 1169; x_wconf 89' lang='lat' dir='ltr'><strong>stabat,</strong></span> <span class='ocrx_word' id='word_1_83' title='bbox 1143 1099 1379 1169; x_wconf 91' lang='lat' dir='ltr'><strong>pondere</strong></span> <span class='ocrx_word' id='word_1_84' title='bbox 1419 1099 1565 1152; x_wconf 82' lang='lat' dir='ltr'><strong>victa</strong></span> 
     </span>
    </p>

    <p class='ocr_par' dir='ltr' id='par_1_13' title="bbox 81 1173 1569 1245">
     <span class='ocr_line' id='line_1_14' title="bbox 81 1173 1569 1245; baseline -0.002 -16"><span class='ocrx_word' id='word_1_85' title='bbox 81 1173 346 1245; x_wconf 85' lang='lat' dir='ltr'><strong>Solvitur,</strong></span> <span class='ocrx_word' id='word_1_86' title='bbox 387 1177 442 1229; x_wconf 90' lang='lat' dir='ltr'><strong>et</strong></span> <span class='ocrx_word' id='word_1_87' title='bbox 482 1193 587 1245; x_wconf 87' lang='lat' dir='ltr'><strong>qua</strong></span> <span class='ocrx_word' id='word_1_88' title='bbox 626 1177 822 1245; x_wconf 88' lang='lat' dir='ltr'><strong>stagna</strong></span> <span class='ocrx_word' id='word_1_89' title='bbox 861 1174 1009 1228; x_wconf 87' lang='lat' dir='ltr'><strong>subit</strong></span> <span class='ocrx_word' id='word_1_90' title='bbox 1047 1173 1225 1227; x_wconf 86' lang='lat' dir='ltr'><strong>radice</strong></span> <span class='ocrx_word' id='word_1_91' title='bbox 1266 1173 1569 1243; x_wconf 87' lang='lat' dir='ltr'><strong>quibusque</strong></span> 
     </span>
    </p>

    <p class='ocr_par' dir='ltr' id='par_1_14' title="bbox 81 1248 1485 1317">
     <span class='ocr_line' id='line_1_15' title="bbox 81 1248 1485 1317; baseline -0.002 -14"><span class='ocrx_word' id='word_1_92' title='bbox 81 1249 343 1303; x_wconf 89' lang='lat' dir='ltr'><strong>Arentem</strong></span> <span class='ocrx_word' id='word_1_93' title='bbox 381 1249 668 1303; x_wconf 89' lang='lat' dir='ltr'><strong>mordebat</strong></span> <span class='ocrx_word' id='word_1_94' title='bbox 703 1248 950 1317; x_wconf 89' lang='lat' dir='ltr'><strong>humum,</strong></span> <span class='ocrx_word' id='word_1_95' title='bbox 990 1248 1215 1301; x_wconf 90' lang='lat' dir='ltr'><strong>dimissa</strong></span> <span class='ocrx_word' id='word_1_96' title='bbox 1256 1265 1485 1316; x_wconf 88' lang='lat' dir='ltr'><strong>superne</strong></span> 
     </span>
    </p>

    <p class='ocr_par' dir='ltr' id='par_1_15' title="bbox 81 1321 1776 1393">
     <span class='ocr_line' id='line_1_16' title="bbox 81 1321 1776 1393; baseline -0.001 -17"><span class='ocrx_word' id='word_1_97' title='bbox 81 1321 276 1376; x_wconf 91' lang='lat' dir='ltr'><strong>Iniecit</strong></span> <span class='ocrx_word' id='word_1_98' title='bbox 313 1322 525 1393; x_wconf 86' lang='lat' dir='ltr'><strong>trepido</strong></span> <span class='ocrx_word' id='word_1_99' title='bbox 566 1340 683 1375; x_wconf 90' lang='lat' dir='ltr'><strong>sese</strong></span> <span class='ocrx_word' id='word_1_100' title='bbox 723 1322 1027 1391; x_wconf 88' lang='lat' dir='ltr'><strong>ripamque,</strong></span> <span class='ocrx_word' id='word_1_101' title='bbox 1067 1340 1165 1375; x_wconf 89' lang='lat' dir='ltr'><strong>nec</strong></span> <span class='ocrx_word' id='word_1_102' title='bbox 1204 1322 1352 1375; x_wconf 88' lang='lat' dir='ltr'><strong>ultra</strong></span> <span class='ocrx_word' id='word_1_103' title='bbox 1689 1334 1776 1374; x_wconf 85' lang='grc'><strong>500</strong></span> 
     </span>
    </p>

    <p class='ocr_par' dir='ltr' id='par_1_16' title="bbox 81 1396 1436 1464">
     <span class='ocr_line' id='line_1_17' title="bbox 81 1396 1436 1464; baseline -0.002 -14"><span class='ocrx_word' id='word_1_104' title='bbox 81 1396 254 1451; x_wconf 89' lang='lat' dir='ltr'><strong>Passa</strong></span> <span class='ocrx_word' id='word_1_105' title='bbox 290 1397 466 1450; x_wconf 86' lang='lat' dir='ltr'><strong>virum</strong></span> <span class='ocrx_word' id='word_1_106' title='bbox 506 1396 717 1449; x_wconf 90' lang='lat' dir='ltr'><strong>subitae</strong></span> <span class='ocrx_word' id='word_1_107' title='bbox 756 1396 986 1449; x_wconf 84' lang='lat' dir='ltr'><strong>vallavit</strong></span> <span class='ocrx_word' id='word_1_108' title='bbox 1025 1398 1191 1464; x_wconf 90' lang='lat' dir='ltr'><strong>ponte</strong></span> <span class='ocrx_word' id='word_1_109' title='bbox 1231 1396 1436 1448; x_wconf 89' lang='lat' dir='ltr'><strong>ruinae.</strong></span> 
     </span>
    </p>

    <p class='ocr_par' dir='ltr' id='par_1_17' title="bbox 44 1469 1359 1540">
     <span class='ocr_line' id='line_1_18' title="bbox 44 1469 1359 1540; baseline -0.002 -15"><span class='ocrx_word' id='word_1_110' title='bbox 44 1509 47 1517; x_wconf 34' lang='grc' dir='ltr'><strong><em>ι</em></strong></span> <span class='ocrx_word' id='word_1_111' title='bbox 82 1469 205 1525; x_wconf 89' lang='lat' dir='ltr'><strong>Huc</strong></span> <span class='ocrx_word' id='word_1_112' title='bbox 242 1470 416 1524; x_wconf 89' lang='lat' dir='ltr'><strong>undae</strong></span> <span class='ocrx_word' id='word_1_113' title='bbox 456 1473 674 1540; x_wconf 91' lang='lat' dir='ltr'><strong>coeunt,</strong></span> <span class='ocrx_word' id='word_1_114' title='bbox 714 1473 769 1523; x_wconf 90' lang='lat' dir='ltr'><strong>et</strong></span> <span class='ocrx_word' id='word_1_115' title='bbox 806 1469 1154 1523; x_wconf 89' lang='lat' dir='ltr'><strong>ineluctabile</strong></span> <span class='ocrx_word' id='word_1_116' title='bbox 1193 1487 1359 1523; x_wconf 92' lang='lat' dir='ltr'><strong>caeno</strong></span> 
     </span>
    </p>

    <p class='ocr_par' dir='ltr' id='par_1_18' title="bbox 45 1542 1566 1614">
     <span class='ocr_line' id='line_1_19' title="bbox 45 1542 1566 1614; baseline -0.001 -16"><span class='ocrx_word' id='word_1_117' title='bbox 45 1586 47 1589; x_wconf 76' lang='lat'><em>.</em></span> <span class='ocrx_word' id='word_1_118' title='bbox 81 1543 497 1614; x_wconf 89' lang='lat' dir='ltr'><strong>Verticibusque</strong></span> <span class='ocrx_word' id='word_1_119' title='bbox 537 1544 682 1598; x_wconf 87' lang='lat' dir='ltr'><strong>cavis</strong></span> <span class='ocrx_word' id='word_1_120' title='bbox 725 1544 852 1597; x_wconf 86' lang='lat' dir='ltr'><strong>sidit</strong></span> <span class='ocrx_word' id='word_1_121' title='bbox 891 1545 1191 1614; x_wconf 89' lang='lat' dir='ltr'><strong>crescitque</strong></span> <span class='ocrx_word' id='word_1_122' title='bbox 1230 1542 1566 1597; x_wconf 88' lang='lat' dir='ltr'><strong>barathrum.</strong></span> 
     </span>
    </p>

    <p class='ocr_par' dir='ltr' id='par_1_19' title="bbox 45 1617 1606 1689">
     <span class='ocr_line' id='line_1_20' title="bbox 45 1617 1606 1689; baseline -0.003 -15"><span class='ocrx_word' id='word_1_123' title='bbox 45 1629 50 1677; x_wconf 72' lang='grc' dir='ltr'>ζ</span> <span class='ocrx_word' id='word_1_124' title='bbox 83 1618 306 1689; x_wconf 90' lang='lat' dir='ltr'><strong>Iamque</strong></span> <span class='ocrx_word' id='word_1_125' title='bbox 345 1636 582 1684; x_wconf 77' lang='lat' dir='ltr'><strong>umerOS,</strong></span> <span class='ocrx_word' id='word_1_126' title='bbox 622 1619 732 1671; x_wconf 89' lang='lat' dir='ltr'><strong>iam</strong></span> <span class='ocrx_word' id='word_1_127' title='bbox 773 1619 915 1672; x_wconf 90' lang='lat' dir='ltr'><strong>colla</strong></span> <span class='ocrx_word' id='word_1_128' title='bbox 954 1617 1102 1671; x_wconf 90' lang='lat' dir='ltr'><strong>ducis</strong></span> <span class='ocrx_word' id='word_1_129' title='bbox 1143 1617 1364 1671; x_wconf 89' lang='lat' dir='ltr'><strong>sinuosa</strong></span> <span class='ocrx_word' id='word_1_130' title='bbox 1403 1634 1606 1688; x_wconf 85' lang='lat' dir='ltr'><strong>vorago</strong></span> 
     </span>
    </p>

    <p class='ocr_par' dir='ltr' id='par_1_20' title="bbox 46 1689 1779 1761">
     <span class='ocr_line' id='line_1_21' title="bbox 46 1689 1779 1761; baseline -0.001 -16"><span class='ocrx_word' id='word_1_131' title='bbox 46 1698 50 1717; x_wconf 78' lang='lat'>¹</span> <span class='ocrx_word' id='word_1_132' title='bbox 86 1689 312 1746; x_wconf 82' lang='lat' dir='ltr'><strong>Circuit:</strong></span> <span class='ocrx_word' id='word_1_133' title='bbox 351 1692 441 1746; x_wconf 90' lang='lat' dir='ltr'><strong>hic</strong></span> <span class='ocrx_word' id='word_1_134' title='bbox 481 1691 696 1746; x_wconf 91' lang='lat' dir='ltr'><strong>demum</strong></span> <span class='ocrx_word' id='word_1_135' title='bbox 733 1692 907 1746; x_wconf 83' lang='lat' dir='ltr'><strong>victus</strong></span> <span class='ocrx_word' id='word_1_136' title='bbox 948 1710 1200 1761; x_wconf 88' lang='lat' dir='ltr'><strong>suprema</strong></span> <span class='ocrx_word' id='word_1_137' title='bbox 1238 1691 1398 1744; x_wconf 88' lang='lat' dir='ltr'><strong>fateri</strong></span> <span class='ocrx_word' id='word_1_138' title='bbox 1694 1704 1779 1745; x_wconf 88' lang='grc'><strong>505</strong></span> 
     </span>
    </p>

    <p class='ocr_par' dir='ltr' id='par_1_21' title="bbox 85 1763 1704 1837">
     <span class='ocr_line' id='line_1_22' title="bbox 85 1763 1704 1837; baseline -0.001 -18"><span class='ocrx_word' id='word_1_139' title='bbox 85 1765 390 1820; x_wconf 85' lang='lat' dir='ltr'><strong>Exclamat:</strong></span> <span class='ocrx_word' id='word_1_140' title='bbox 430 1764 722 1820; x_wconf 68' lang='lat' dir='ltr'><strong>‘Fluvione</strong></span> <span class='ocrx_word' id='word_1_141' title='bbox 762 1763 953 1837; x_wconf 89' lang='lat' dir='ltr'><strong>(pudet</strong></span> <span class='ocrx_word' id='word_1_142' title='bbox 965 1766 1024 1835; x_wconf 80' lang='lat' dir='ltr'><strong>l),</strong></span> <span class='ocrx_word' id='word_1_143' title='bbox 1063 1765 1212 1818; x_wconf 87' lang='lat' dir='ltr'><strong>Mars</strong></span> <span class='ocrx_word' id='word_1_144' title='bbox 1252 1766 1462 1834; x_wconf 89' lang='lat' dir='ltr'><strong>inclite,</strong></span> <span class='ocrx_word' id='word_1_145' title='bbox 1503 1764 1704 1835; x_wconf 84' lang='lat' dir='ltr'><strong>mergis</strong></span> 
     </span>
    </p>

    <p class='ocr_par' dir='ltr' id='par_1_22' title="bbox 46 1837 1652 1910">
     <span class='ocr_line' id='line_1_23' title="bbox 46 1837 1652 1910; baseline 0.002 -21"><span class='ocrx_word' id='word_1_146' title='bbox 46 1880 49 1887; x_wconf 94' lang='grc'><em>.</em></span> <span class='ocrx_word' id='word_1_147' title='bbox 85 1837 244 1892; x_wconf 87' lang='lat' dir='ltr'><strong>Hanc</strong></span> <span class='ocrx_word' id='word_1_148' title='bbox 282 1839 557 1893; x_wconf 79' lang='lat' dir='ltr'><strong>animam?</strong></span> <span class='ocrx_word' id='word_1_149' title='bbox 598 1857 898 1910; x_wconf 89' lang='lat' dir='ltr'><strong>segnesque</strong></span> <span class='ocrx_word' id='word_1_150' title='bbox 936 1841 1084 1893; x_wconf 87' lang='lat' dir='ltr'><strong>lacus</strong></span> <span class='ocrx_word' id='word_1_151' title='bbox 1127 1843 1182 1893; x_wconf 91' lang='lat' dir='ltr'><strong>et</strong></span> <span class='ocrx_word' id='word_1_152' title='bbox 1221 1843 1419 1909; x_wconf 88' lang='lat' dir='ltr'><strong>stagna</strong></span> <span class='ocrx_word' id='word_1_153' title='bbox 1459 1839 1652 1893; x_wconf 90' lang='lat' dir='ltr'><strong>subibo</strong></span> 
     </span>
    </p>

    <p class='ocr_par' dir='ltr' id='par_1_23' title="bbox 46 1911 1440 1983">
     <span class='ocr_line' id='line_1_24' title="bbox 46 1911 1440 1983; baseline -0.003 -13"><span class='ocrx_word' id='word_1_154' title='bbox 46 1914 54 1970; x_wconf 70' lang='grc'><strong>’,”</strong></span> <span class='ocrx_word' id='word_1_155' title='bbox 88 1911 202 1967; x_wconf 79' lang='lat' dir='ltr'><strong>Ceu</strong></span> <span class='ocrx_word' id='word_1_156' title='bbox 238 1913 448 1982; x_wconf 90' lang='lat' dir='ltr'><strong>pecoris</strong></span> <span class='ocrx_word' id='word_1_157' title='bbox 489 1916 694 1979; x_wconf 78' lang='lat' dir='ltr'><strong>custOS,</strong></span> <span class='ocrx_word' id='word_1_158' title='bbox 732 1914 905 1982; x_wconf 76' lang='lat' dir='ltr'><strong>vsubiti</strong></span> <span class='ocrx_word' id='word_1_159' title='bbox 941 1914 1200 1966; x_wconf 89' lang='lat' dir='ltr'><strong>torrentis</strong></span> <span class='ocrx_word' id='word_1_160' title='bbox 1241 1913 1440 1983; x_wconf 89' lang='lat' dir='ltr'><strong>iniquis</strong></span> 
     </span>
    </p>

    <p class='ocr_par' dir='ltr' id='par_1_24' title="bbox 48 1986 1437 2056">
     <span class='ocr_line' id='line_1_25' title="bbox 48 1986 1437 2056; baseline 0.001 -17"><span class='ocrx_word' id='word_1_161' title='bbox 48 1989 49 1997; x_wconf 75' lang='grc'>’</span> <span class='ocrx_word' id='word_1_162' title='bbox 86 1986 426 2055; x_wconf 90' lang='lat' dir='ltr'><strong>Interceptus</strong></span> <span class='ocrx_word' id='word_1_163' title='bbox 467 1987 656 2056; x_wconf 76' lang='lat' dir='ltr'><strong>aquis?</strong></span> <span class='ocrx_word' id='word_1_164' title='bbox 697 1988 901 2040; x_wconf 91' lang='lat' dir='ltr'><strong>adeone</strong></span> <span class='ocrx_word' id='word_1_165' title='bbox 941 1987 1267 2040; x_wconf 89' lang='lat' dir='ltr'><strong>occumbere</strong></span> <span class='ocrx_word' id='word_1_166' title='bbox 1293 1987 1437 2040; x_wconf 86' lang='lat' dir='ltr'><strong>ferro</strong></span> 
     </span>
    </p>

    <p class='ocr_par' dir='ltr' id='par_1_25' title="bbox 49 2058 1783 2129">
     <span class='ocr_line' id='line_1_26' title="bbox 49 2058 1783 2129; baseline 0 -15"><span class='ocrx_word' id='word_1_167' title='bbox 49 2086 51 2127; x_wconf 64' lang='lat'>1</span> <span class='ocrx_word' id='word_1_168' title='bbox 87 2059 216 2115; x_wconf 92' lang='lat' dir='ltr'><strong>Non</strong></span> <span class='ocrx_word' id='word_1_169' title='bbox 238 2058 472 2114; x_wconf 79' lang='lat' dir='ltr'><strong>merni‘?&#39;</strong></span> <span class='ocrx_word' id='word_1_170' title='bbox 513 2059 754 2114; x_wconf 86' lang='lat' dir='ltr'><strong>Tandem</strong></span> <span class='ocrx_word' id='word_1_171' title='bbox 778 2061 1028 2129; x_wconf 90' lang='lat' dir='ltr'><strong>precibus</strong></span> <span class='ocrx_word' id='word_1_172' title='bbox 1054 2063 1328 2114; x_wconf 90' lang='lat' dir='ltr'><strong>commota</strong></span> <span class='ocrx_word' id='word_1_173' title='bbox 1351 2060 1656 2114; x_wconf 86' lang='lat' dir='ltr'><strong>Tonantem</strong></span> <span class='ocrx_word' id='word_1_174' title='bbox 1696 2074 1783 2114; x_wconf 86' lang='grc'><strong>510</strong></span> 
     </span>
    </p>
   </div>
   <div class='ocr_carea' id='block_1_3' title="bbox 0 2133 1698 2203">
    <p class='ocr_par' dir='ltr' id='par_1_26' title="bbox 0 2133 1698 2203">
     <span class='ocr_line' id='line_1_27' title="bbox 0 2133 1698 2203; baseline 0 -17"><span class='ocrx_word' id='word_1_175' title='bbox 0 2157 7 2167; x_wconf 88' lang='grc'>·</span> <span class='ocrx_word' id='word_1_176' title='bbox 50 2162 52 2194; x_wconf 70' lang='lat'><strong>:</strong></span> <span class='ocrx_word' id='word_1_177' title='bbox 90 2133 228 2187; x_wconf 92' lang='lat' dir='ltr'><strong>Iuno</strong></span> <span class='ocrx_word' id='word_1_178' title='bbox 269 2134 435 2188; x_wconf 87' lang='lat' dir='ltr'><strong>subit:</strong></span> <span class='ocrx_word' id='word_1_179' title='bbox 475 2133 744 2196; x_wconf 71' lang='lat' dir='ltr'><strong>‘Quonam</strong></span> <span class='ocrx_word' id='word_1_180' title='bbox 783 2135 1034 2203; x_wconf 86' lang='lat' dir='ltr'><strong>miseros,</strong></span> <span class='ocrx_word' id='word_1_181' title='bbox 1074 2136 1224 2187; x_wconf 89' lang='lat' dir='ltr'><strong>sator</strong></span> <span class='ocrx_word' id='word_1_182' title='bbox 1262 2134 1449 2187; x_wconf 88' lang='lat' dir='ltr'><strong>inclite</strong></span> <span class='ocrx_word' id='word_1_183' title='bbox 1491 2134 1698 2203; x_wconf 84' lang='lat' dir='ltr'><strong>divum,</strong></span> 
     </span>
    </p>
   </div>
   <div class='ocr_carea' id='block_1_4' title="bbox 0 0 88 3126">
    <p class='ocr_par' dir='ltr' id='par_1_27' title="bbox 0 0 88 3126">
     <span class='ocr_line' id='line_1_28' title="bbox 0 0 88 3126; baseline 0 0"><span class='ocrx_word' id='word_1_184' title='bbox 0 0 88 3126; x_wconf 95' lang='lat' dir='ltr'><strong> </strong></span> 
     </span>
    </p>
   </div>
   <div class='ocr_carea' id='block_1_5' title="bbox 49 2206 1786 2427">
    <p class='ocr_par' dir='ltr' id='par_1_28' title="bbox 49 2206 1786 2427">
     <span class='ocr_line' id='line_1_29' title="bbox 49 2206 1786 2286; baseline -0.001 -25"><span class='ocrx_word' id='word_1_185' title='bbox 49 2225 56 2286; x_wconf 72' lang='lat'><strong>².</strong></span> <span class='ocrx_word' id='word_1_186' title='bbox 90 2206 401 2278; x_wconf 77' lang='lat' dir='ltr'><strong>InachidaS,</strong></span> <span class='ocrx_word' id='word_1_187' title='bbox 439 2226 676 2277; x_wconf 91' lang='lat' dir='ltr'><strong>quonam</strong></span> <span class='ocrx_word' id='word_1_188' title='bbox 717 2226 886 2277; x_wconf 89' lang='lat' dir='ltr'><strong>usque</strong></span> <span class='ocrx_word' id='word_1_189' title='bbox 925 2207 1177 2277; x_wconf 77' lang='lat' dir='ltr'><strong>premes?</strong></span> <span class='ocrx_word' id='word_1_190' title='bbox 1218 2208 1328 2260; x_wconf 91' lang='lat' dir='ltr'><strong>iam</strong></span> <span class='ocrx_word' id='word_1_191' title='bbox 1359 2206 1543 2260; x_wconf 87' lang='lat' dir='ltr'><strong>Pallas</strong></span> <span class='ocrx_word' id='word_1_192' title='bbox 1584 2211 1639 2260; x_wconf 90' lang='lat' dir='ltr'><strong>et</strong></span> <span class='ocrx_word' id='word_1_193' title='bbox 1670 2207 1786 2261; x_wconf 88' lang='lat' dir='ltr'><strong>odit</strong></span> 
     </span>
     <span class='ocr_line' id='line_1_30' title="bbox 52 2281 1477 2352; baseline -0.001 -18"><span class='ocrx_word' id='word_1_194' title='bbox 52 2343 53 2347; x_wconf 10' lang='grc' dir='ltr'><strong>Ἰ</strong></span> <span class='ocrx_word' id='word_1_195' title='bbox 92 2281 300 2351; x_wconf 85' lang='lat' dir='ltr'><strong>Tydea,</strong></span> <span class='ocrx_word' id='word_1_196' title='bbox 339 2282 449 2335; x_wconf 89' lang='lat' dir='ltr'><strong>iam</strong></span> <span class='ocrx_word' id='word_1_197' title='bbox 489 2284 646 2351; x_wconf 90' lang='lat' dir='ltr'><strong>rapto</strong></span> <span class='ocrx_word' id='word_1_198' title='bbox 685 2284 972 2335; x_wconf 90' lang='lat' dir='ltr'><strong>tacuerunt</strong></span> <span class='ocrx_word' id='word_1_199' title='bbox 1010 2299 1213 2352; x_wconf 87' lang='lat' dir='ltr'><strong>augure</strong></span> <span class='ocrx_word' id='word_1_200' title='bbox 1252 2281 1477 2351; x_wconf 89' lang='lat' dir='ltr'><strong>Delphi:</strong></span> 
     </span>
     <span class='ocr_line' id='line_1_31' title="bbox 52 2354 1651 2427; baseline -0.001 -18"><span class='ocrx_word' id='word_1_201' title='bbox 52 2384 53 2387; x_wconf 37' lang='lat'>¹</span> <span class='ocrx_word' id='word_1_202' title='bbox 91 2354 178 2409; x_wconf 88' lang='lat' dir='ltr'><strong>En</strong></span> <span class='ocrx_word' id='word_1_203' title='bbox 217 2373 368 2408; x_wconf 90' lang='lat' dir='ltr'><strong>meus</strong></span> <span class='ocrx_word' id='word_1_204' title='bbox 406 2354 811 2426; x_wconf 89' lang='lat' dir='ltr'><strong>Hippomedon,</strong></span> <span class='ocrx_word' id='word_1_205' title='bbox 851 2356 935 2409; x_wconf 91' lang='lat' dir='ltr'><strong>cui</strong></span> <span class='ocrx_word' id='word_1_206' title='bbox 976 2356 1156 2427; x_wconf 89' lang='lat' dir='ltr'><strong>gentis</strong></span> <span class='ocrx_word' id='word_1_207' title='bbox 1199 2356 1353 2425; x_wconf 89' lang='lat' dir='ltr'><strong>origo</strong></span> <span class='ocrx_word' id='word_1_208' title='bbox 1393 2355 1651 2425; x_wconf 84' lang='lat' dir='ltr'><strong>Mycenae</strong></span> 
     </span>
    </p>
   </div>
   <div class='ocr_carea' id='block_1_6' title="bbox 91 2467 446 2474">
    <p class='ocr_par' dir='ltr' id='par_1_29' title="bbox 91 2467 446 2474">
     <span class='ocr_line' id='line_1_32' title="bbox 91 2467 446 2474; baseline 0 652"><span class='ocrx_word' id='word_1_209' title='bbox 91 2467 446 2474; x_wconf 95' lang='lat' dir='ltr'><strong> </strong></span> 
     </span>
    </p>
   </div>
   <div class='ocr_carea' id='block_1_7' title="bbox 94 2530 1862 2824">
    <p class='ocr_par' dir='ltr' id='par_1_30' title="bbox 94 2530 1862 2824">
     <span class='ocr_line' id='line_1_33' title="bbox 210 2530 1785 2588; baseline 0.001 -14"><span class='ocrx_word' id='word_1_210' title='bbox 210 2534 297 2574; x_wconf 83' lang='lat'><strong>492</strong></span> <span class='ocrx_word' id='word_1_211' title='bbox 322 2543 410 2586; x_wconf 85' lang='lat' dir='ltr'><strong>sqq.</strong></span> <span class='ocrx_word' id='word_1_212' title='bbox 455 2530 523 2584; x_wconf 79' lang='lat' dir='ltr'><strong>Cf.</strong></span> <span class='ocrx_word' id='word_1_213' title='bbox 559 2530 694 2575; x_wconf 85' lang='lat' dir='ltr'><strong>Hom.</strong></span> <span class='ocrx_word' id='word_1_214' title='bbox 729 2531 765 2574; x_wconf 91' lang='lat' dir='ltr'><strong><em>I</em></strong></span> <span class='ocrx_word' id='word_1_215' title='bbox 767 2533 793 2576; x_wconf 79' lang='lat' dir='ltr'><em>l</em></span> <span class='ocrx_word' id='word_1_216' title='bbox 830 2531 968 2574; x_wconf 92' lang='lat' dir='ltr'><strong>XXI</strong></span> <span class='ocrx_word' id='word_1_217' title='bbox 997 2533 1091 2576; x_wconf 76' lang='lat'><strong>241</strong></span> <span class='ocrx_word' id='word_1_218' title='bbox 1115 2544 1193 2588; x_wconf 81' lang='lat' dir='ltr'><strong>sqq</strong></span> <span class='ocrx_word' id='word_1_219' title='bbox 1198 2533 1254 2588; x_wconf 80' lang='grc' dir='ltr'><strong>.ΙΙ</strong></span> <span class='ocrx_word' id='word_1_220' title='bbox 1285 2536 1371 2576; x_wconf 82' lang='grc'><strong>497</strong></span> <span class='ocrx_word' id='word_1_221' title='bbox 1405 2545 1548 2587; x_wconf 85' lang='lat' dir='ltr'><strong>supra</strong></span> <span class='ocrx_word' id='word_1_222' title='bbox 1576 2535 1622 2574; x_wconf 72' lang='grc' dir='ltr'>Π</span> <span class='ocrx_word' id='word_1_223' title='bbox 1651 2533 1667 2588; x_wconf 70' lang='grc' dir='ltr'><strong>Ι]</strong></span> <span class='ocrx_word' id='word_1_224' title='bbox 1698 2535 1785 2576; x_wconf 85' lang='grc'><strong>499</strong></span> 
     </span>
     <span class='ocr_line' id='line_1_34' title="bbox 94 2546 1862 2649; baseline 0.002 -17"><span class='ocrx_word' id='word_1_225' title='bbox 94 2587 288 2633; x_wconf 89' lang='lat' dir='ltr'><strong>dimissa</strong></span> <span class='ocrx_word' id='word_1_226' title='bbox 319 2593 351 2631; x_wconf 87' lang='lat' dir='ltr'>P</span> <span class='ocrx_word' id='word_1_227' title='bbox 383 2588 588 2632; x_wconf 86' lang='lat' dir='ltr'><strong>demissa</strong></span> <span class='ocrx_word' id='word_1_228' title='bbox 613 2591 745 2635; x_wconf 80' lang='lat' dir='ltr'><strong>ceteri</strong></span> <span class='ocrx_word' id='word_1_229' title='bbox 766 2591 782 2647; x_wconf 81' lang='grc'><strong>11</strong></span> <span class='ocrx_word' id='word_1_230' title='bbox 805 2595 891 2635; x_wconf 87' lang='grc'><strong>500</strong></span> <span class='ocrx_word' id='word_1_231' title='bbox 923 2546 1193 2646; x_wconf 86' lang='lat' dir='ltr'><strong>Iniecitque</strong></span> <span class='ocrx_word' id='word_1_232' title='bbox 1214 2590 1335 2634; x_wconf 84' lang='lat' dir='ltr'><strong>vado</strong></span> <span class='ocrx_word' id='word_1_233' title='bbox 1362 2603 1463 2634; x_wconf 86' lang='lat' dir='ltr'><strong>sese</strong></span> <span class='ocrx_word' id='word_1_234' title='bbox 1489 2589 1786 2649; x_wconf 62' lang='lat' dir='ltr'><strong>Koestlinusss</strong></span> <span class='ocrx_word' id='word_1_235' title='bbox 1857 2590 1862 2594; x_wconf 82' lang='grc'><strong>’</strong></span> 
     </span>
     <span class='ocr_line' id='line_1_35' title="bbox 95 2648 1786 2694; baseline 0.002 -3"><span class='ocrx_word' id='word_1_236' title='bbox 95 2650 180 2692; x_wconf 77' lang='grc'>501</span> <span class='ocrx_word' id='word_1_237' title='bbox 221 2649 472 2692; x_wconf 89' lang='lat' dir='ltr'><strong>Passurum</strong></span> <span class='ocrx_word' id='word_1_238' title='bbox 511 2650 637 2693; x_wconf 85' lang='lat' dir='ltr'><strong>codd.</strong></span> <span class='ocrx_word' id='word_1_239' title='bbox 679 2651 778 2694; x_wconf 83' lang='lat' dir='ltr'><strong>edd</strong></span> <span class='ocrx_word' id='word_1_240' title='bbox 811 2648 956 2693; x_wconf 89' lang='lat' dir='ltr'><strong>Passa</strong></span> <span class='ocrx_word' id='word_1_241' title='bbox 992 2650 1145 2694; x_wconf 86' lang='lat' dir='ltr'><strong>virum</strong></span> <span class='ocrx_word' id='word_1_242' title='bbox 1180 2663 1293 2694; x_wconf 82' lang='lat' dir='ltr'><strong>corr.</strong></span> <span class='ocrx_word' id='word_1_243' title='bbox 1326 2649 1557 2694; x_wconf 73' lang='lat' dir='ltr'><strong>Barthius</strong></span> <span class='ocrx_word' id='word_1_244' title='bbox 1587 2649 1786 2694; x_wconf 87' lang='lat' dir='ltr'><strong>Prensu-</strong></span> 
     </span>
     <span class='ocr_line' id='line_1_36' title="bbox 95 2706 1786 2766; baseline 0.001 -15"><span class='ocrx_word' id='word_1_245' title='bbox 95 2718 199 2751; x_wconf 83' lang='lat' dir='ltr'><strong>rum</strong></span> <span class='ocrx_word' id='word_1_246' title='bbox 226 2706 486 2752; x_wconf 74' lang='lat' dir='ltr'><strong>Gronovius</strong></span> <span class='ocrx_word' id='word_1_247' title='bbox 517 2721 539 2752; x_wconf 86' lang='lat' dir='ltr'><strong>e</strong></span> <span class='ocrx_word' id='word_1_248' title='bbox 571 2709 665 2752; x_wconf 84' lang='lat' dir='ltr'><strong>cod.</strong></span> <span class='ocrx_word' id='word_1_249' title='bbox 694 2709 847 2754; x_wconf 81' lang='lat' dir='ltr'><strong>Palat.</strong></span> <span class='ocrx_word' id='word_1_250' title='bbox 876 2711 882 2764; x_wconf 93' lang='grc'>1</span> <span class='ocrx_word' id='word_1_251' title='bbox 909 2709 1069 2752; x_wconf 87' lang='lat' dir='ltr'><strong>monte</strong></span> <span class='ocrx_word' id='word_1_252' title='bbox 1093 2709 1404 2753; x_wconf 75' lang='lat' dir='ltr'><strong>Baehrensius</strong></span> <span class='ocrx_word' id='word_1_253' title='bbox 1426 2711 1442 2766; x_wconf 80' lang='grc' dir='ltr'><strong>ΙΙ</strong></span> <span class='ocrx_word' id='word_1_254' title='bbox 1467 2714 1551 2752; x_wconf 82' lang='grc'><strong>502</strong></span> <span class='ocrx_word' id='word_1_255' title='bbox 1586 2722 1730 2753; x_wconf 86' lang='lat' dir='ltr'><strong>caeno</strong></span> <span class='ocrx_word' id='word_1_256' title='bbox 1753 2713 1786 2752; x_wconf 94' lang='lat' dir='ltr'>P</span> 
     </span>
     <span class='ocr_line' id='line_1_37' title="bbox 95 2766 1788 2824; baseline 0.002 -15"><span class='ocrx_word' id='word_1_257' title='bbox 95 2777 292 2810; x_wconf 83' lang='lat' dir='ltr'><strong>caenum</strong></span> <span class='ocrx_word' id='word_1_258' title='bbox 322 2768 389 2812; x_wconf 80' lang='lat' dir='ltr'><strong>vel</strong></span> <span class='ocrx_word' id='word_1_259' title='bbox 421 2779 616 2810; x_wconf 89' lang='lat' dir='ltr'><strong>coenum</strong></span> <span class='ocrx_word' id='word_1_260' title='bbox 649 2769 780 2812; x_wconf 78' lang='lat' dir='ltr'><strong>ceteri</strong></span> <span class='ocrx_word' id='word_1_261' title='bbox 802 2771 818 2824; x_wconf 86' lang='grc' dir='ltr'><strong>ΙΙ</strong></span> <span class='ocrx_word' id='word_1_262' title='bbox 842 2773 926 2812; x_wconf 90' lang='grc'><strong>503</strong></span> <span class='ocrx_word' id='word_1_263' title='bbox 958 2767 1138 2813; x_wconf 86' lang='lat' dir='ltr'><strong>recavis</strong></span> <span class='ocrx_word' id='word_1_264' title='bbox 1162 2768 1391 2812; x_wconf 79' lang='lat' dir='ltr'><strong>Barthius</strong></span> <span class='ocrx_word' id='word_1_265' title='bbox 1418 2769 1425 2824; x_wconf 92' lang='grc' dir='ltr'>Ι</span> <span class='ocrx_word' id='word_1_266' title='bbox 1453 2766 1568 2811; x_wconf 87' lang='lat' dir='ltr'><strong>sidit</strong></span> <span class='ocrx_word' id='word_1_267' title='bbox 1598 2772 1631 2810; x_wconf 94' lang='lat' dir='ltr'>P</span> <span class='ocrx_word' id='word_1_268' title='bbox 1663 2767 1788 2813; x_wconf 81' lang='lat' dir='ltr'><strong>sedit</strong></span> 
     </span>
    </p>
   </div>
   <div class='ocr_carea' id='block_1_8' title="bbox 96 2824 1785 2931">
    <p class='ocr_par' dir='ltr' id='par_1_31' title="bbox 96 2824 1785 2931">
     <span class='ocr_line' id='line_1_38' title="bbox 96 2824 1785 2884; baseline 0.002 -14"><span class='ocrx_word' id='word_1_269' title='bbox 96 2826 229 2870; x_wconf 74' lang='lat' dir='ltr'><strong>ceteri</strong></span> <span class='ocrx_word' id='word_1_270' title='bbox 249 2827 266 2882; x_wconf 83' lang='grc' dir='ltr'><strong>ΙΙ</strong></span> <span class='ocrx_word' id='word_1_271' title='bbox 289 2829 375 2872; x_wconf 83' lang='grc'><strong>505</strong></span> <span class='ocrx_word' id='word_1_272' title='bbox 409 2824 632 2870; x_wconf 88' lang='lat' dir='ltr'><strong>Circumit</strong></span> <span class='ocrx_word' id='word_1_273' title='bbox 670 2829 782 2870; x_wconf 80' lang='lat' dir='ltr'><strong>PBS</strong></span> <span class='ocrx_word' id='word_1_274' title='bbox 813 2827 923 2872; x_wconf 83' lang='lat' dir='ltr'><strong>Beh.</strong></span> <span class='ocrx_word' id='word_1_275' title='bbox 948 2829 964 2884; x_wconf 82' lang='grc' dir='ltr'><strong>ΙΙ</strong></span> <span class='ocrx_word' id='word_1_276' title='bbox 987 2833 1073 2872; x_wconf 87' lang='grc'><strong>506</strong></span> <span class='ocrx_word' id='word_1_277' title='bbox 1112 2826 1287 2884; x_wconf 87' lang='lat' dir='ltr'><strong>mergis</strong></span> <span class='ocrx_word' id='word_1_278' title='bbox 1318 2832 1351 2869; x_wconf 92' lang='lat' dir='ltr'>P</span> <span class='ocrx_word' id='word_1_279' title='bbox 1390 2840 1574 2883; x_wconf 87' lang='lat' dir='ltr'><strong>merges</strong></span> <span class='ocrx_word' id='word_1_280' title='bbox 1607 2829 1741 2873; x_wconf 82' lang='lat' dir='ltr'><strong>ceteri</strong></span> <span class='ocrx_word' id='word_1_281' title='bbox 1771 2828 1785 2883; x_wconf 65' lang='lat' dir='ltr'><strong>l}</strong></span> 
     </span>
     <span class='ocr_line' id='line_1_39' title="bbox 99 2885 658 2931; baseline 0.004 -4"><span class='ocrx_word' id='word_1_282' title='bbox 99 2885 184 2928; x_wconf 89' lang='grc'><strong>510</strong></span> <span class='ocrx_word' id='word_1_283' title='bbox 215 2885 400 2929; x_wconf 88' lang='lat' dir='ltr'><strong>motura</strong></span> <span class='ocrx_word' id='word_1_284' title='bbox 430 2886 658 2931; x_wconf 79' lang='lat' dir='ltr'><strong>Barthius</strong></span> 
     </span>
    </p>
   </div>
  </div>
 </body>
</html>
