2020 3106
234 118 307 170 24
807 117 858 162 P.
891 115 1124 162 PAPINII
1157 115 1356 161 STATII

232 239 570 309 Increpitans
601 254 802 307 magno
842 239 1025 290 vatem
1065 236 1364 290 Calchanta
1401 237 1641 290 tumultu

233 313 568 366 Protesilaus
610 311 687 364 ait
726 309 982 382 (namque
1020 310 1147 364 huic
1183 311 1385 364 bellare
1425 311 1619 381 cupido

233 387 530 454 Praecipua
562 389 616 438 et
639 385 850 454 primae
875 385 986 437 iam
1009 387 1138 437 tunc
1170 385 1297 438 data
1330 385 1506 454 gloria
1537 381 1779 455 mortis):
1842 396 1931 437 495

238 460 304 513 ‘O
344 461 573 513 nimium
612 458 821 512 Phoebi
860 458 1238 529 tripodumque
1279 459 1446 512 oblite
1484 461 1724 526 tuorum,

236 533 583 602 Thestoride,
624 532 837 602 quando
878 551 974 585 ora
1013 532 1111 586 deo
1151 551 1404 602 possessa
1443 533 1686 586 movebis

237 608 464 676 Iustius,
505 609 598 659 aut
637 624 901 675 quaenam
938 606 1230 659 Parcarum
1271 607 1480 660 occulta
1517 605 1797 660 recludes?

237 679 427 734 Cernis
466 683 528 733 ut
566 681 813 750 ignotum
855 681 1033 734 cuncti
1072 683 1431 750 stupeantque
1470 683 1823 749 premantque

235 754 544 808 Aeaciden?
623 752 855 807 Sordent
891 755 1056 824 vulgo
1098 753 1430 824 Calydonius
1468 754 1630 808 heros
1846 765 1934 806 500

235 829 314 882 Et
354 846 554 900 magno
596 828 812 899 genitus
850 828 1141 881 Telamone
1180 828 1427 898 Aiaxque
1468 829 1731 882 secundus
1742 869 1756 896 ‚

234 903 354 957 Nos
396 921 632 972 quoque:
674 901 767 954 sed
798 901 1017 955 Mavors
1058 906 1113 955 et
1145 902 1310 956 Troia
1342 903 1567 971 abrepta
1609 901 1935 971 probabunt.

234 977 403 1030 Illum
442 976 709 1047 neglectis
751 974 942 1045 (pudet
979 976 1132 1047 heul)
1174 977 1490 1030 ductoribus
1533 994 1719 1029 omnes

234 1049 572 1120 Belligerum
612 1068 709 1102 ceu
746 1067 945 1103 numen
985 1053 1183 1103 amant.
1259 1049 1362 1103 Dic
1401 1050 1547 1103 ocius
1587 1048 1705 1120 (aut
1745 1066 1838 1102 cur

238 1123 393 1177 Serta
425 1124 594 1176 comis
628 1126 683 1176 et
713 1124 916 1176 multus
949 1123 1202 1194 honos‘?),
1234 1124 1430 1193 quibus
1457 1123 1672 1177 abditus
1699 1122 1806 1176 oris
1849 1133 1935 1175 505

238 1198 419 1261 Quave
458 1198 611 1251 iubes
649 1198 844 1250 tellure
882 1198 1019 1267 peti3
1057 1216 1186 1251 nam
1224 1198 1372 1251 fama
1409 1216 1509 1251 nec
1548 1198 1719 1251 antris

238 1270 490 1325 Chironis
530 1272 708 1340 patria
746 1289 845 1324 nec
885 1271 1078 1343 degere
1117 1272 1308 1325 Peleos
1349 1272 1489 1325 aula.

236 1345 398 1415 Heia,
437 1346 685 1414 inrumpe
727 1345 854 1398 deos
896 1349 951 1399 et
988 1346 1104 1400 fata
1141 1347 1373 1399 latentia
1410 1364 1568 1413 vexa,

238 1419 675 1490 Laurigerosque
714 1420 868 1490 ignes
879 1462 894 1489 ‚
934 1420 980 1472 si
1021 1421 1259 1490 quando,
1299 1419 1642 1473 avidissimus
1681 1417 1862 1471 hauri:

239 1494 410 1546 Arma
447 1493 717 1546 horrenda
754 1493 858 1546 tibi
898 1512 1191 1563 saevosque
1230 1494 1536 1546 remisimus
1578 1510 1746 1545 enses,
1852 1504 1940 1544 510

236 1567 550 1635 Numquam
589 1566 689 1619 has
729 1567 976 1620 imbelles
1018 1569 1177 1638 galea
1215 1567 1489 1621 violabere
1528 1566 1721 1634 vittas„

241 1639 342 1694 Sed
381 1640 514 1692 felix
551 1658 880 1709 numeroque
919 1641 1114 1694 ducum
1151 1641 1519 1710 praestantior
1559 1640 1728 1707 omni,

241 1713 300 1768 Si
337 1731 595 1784 magnum
635 1713 839 1767 Danais
885 1713 1013 1783 *per
1049 1717 1104 1768 te
1142 1713 1460 1783 portendis*
1497 1711 1802 1767 Achillem?

388 1787 713 1840 Iamdudum
751 1787 964 1856 trepido
1006 1789 1314 1842 circumfert
1351 1788 1560 1841 lumina
1597 1791 1751 1841 motu

238 1861 654 1931 Intrantemque
695 1862 852 1914 deum
892 1863 1067 1930 primo
1106 1863 1316 1932 pallore
1354 1862 1560 1916 fatetur
1851 1871 1937 1913 515

1971 1980 2016 2029 <3³2³

363 2086 452 2125 494
482 2080 585 2138 agit
615 2085 648 2122 P
691 2081 792 2124 erat
823 2080 1060 2125 Scriverus
1096 2082 1113 2138 ΙΙ
1147 2086 1234 2126 495
1266 2081 1418 2138 gloria
1447 2085 1480 2123 P
1522 2079 1660 2136 copia
1698 2079 1830 2124 ceteri
1856 2078 1863 2135 1
1891 2079 1942 2122 et

242 2138 383 2197 primi
412 2139 443 2185 1.
476 2142 509 2184 t.
544 2139 588 2184 d.
622 2153 683 2208 ο...
701 2139 867 2184 Martis
897 2139 1136 2185 Bentleius
1172 2142 1188 2198 ΙΙ
1226 2145 1313 2185 498
1346 2141 1456 2197 quia
1485 2153 1594 2183 nam
1625 2143 1658 2180 P
1706 2151 1936 2195 quaenam
1999 2141 2008 2199 f

241 2198 448 2252 G2PepG
464 2198 594 2245 Leid.
628 2213 659 2254 q
680 2212 788 2242 nam
820 2205 841 2241 t
872 2199 1057 2255 quando
1081 2203 1166 2244 11)
1190 2200 1206 2257 ΙΙ
1229 2204 1315 2243 499
1341 2198 1522 2244 cunctis
1538 2202 1641 2240 PPc
1668 2198 1675 2255 Ι
1703 2198 1935 2254 premant-‚-
2001 2201 2005 2213 “

241 2271 331 2313 que
362 2261 454 2299 AM
484 2259 743 2314 petantque
775 2259 873 2303 edd.
905 2258 1201 2315 fremantque
1231 2258 1542 2303 Baehrensius
1572 2258 1588 2313 ΙΙ
1619 2260 1704 2300 500
1738 2256 1938 2301 Sordent

239 2318 272 2359 P
306 2316 475 2361 Sor-det
499 2317 632 2360 ceteri
653 2317 669 2373 ΙΙ
694 2321 778 2361 502
804 2318 852 2362 et
874 2316 1015 2361 Troia
1037 2318 1233 2374 abrepta
1249 2316 1366 2371 Ppc
1388 2317 1469 2361 sed
1494 2314 1635 2360 Troia
1658 2315 1854 2372 abrepta
1878 2318 1938 2356 Pc

242 2375 323 2419 sed
353 2375 477 2419 troia
506 2377 693 2431 arrepta
717 2374 775 2417 G2
807 2378 855 2420 et
872 2376 1013 2420 Troia
1036 2377 1224 2433 arrepta
1247 2376 1376 2420 Laid.
1394 2381 1468 2432 ‘Dt
1499 2375 1777 2431 arreptaque
1798 2373 1939 2417 Troia

232 2436 282 2476 Ἠ
297 2434 394 2478 edd.
419 2437 520 2478 vett.
546 2434 561 2490 ΙΙ
586 2438 672 2478 504
697 2439 864 2490 qum-P
887 2435 903 2490 Η
927 2438 1012 2478 505
1037 2435 1212 2478 multus
1237 2439 1419 2489 PPch
1448 2435 1605 2479 mutus
1627 2432 1776 2475 (ΡΗΣ.
1809 2431 1940 2476 mitis
2010 2478 2011 2482 ,

240 2499 261 2536 t
295 2492 494 2537 Gronov.
530 2493 546 2549 ΙΙ
582 2496 666 2536 506
698 2492 831 2538 iuues
862 2498 894 2535 P
932 2495 947 2550 ΙΙ
986 2497 1072 2538 508
1104 2493 1226 2538 Heia
1255 2495 1468 2551 inrumpe
1493 2494 1603 2537 deos
1635 2495 1673 2534 A
1716 2491 1819 2548 Eya
1850 2504 1938 2548 age
2010 2506 2014 2519 ··

240 2565 405 2608 rumpe
438 2551 548 2595 deos
572 2555 607 2593 G
651 2551 753 2608 Eia,
784 2566 947 2608 rumpe
971 2566 1125 2596 moras
1148 2557 1194 2595 M
1224 2553 1311 2597 Eia
1336 2566 1424 2610 age
1446 2565 1611 2607 rumpe
1635 2564 1789 2594 moras
1812 2549 1938 2593 Bwr-
2006 2550 2017 2583 τ’

241 2624 442 2655 ‘mannus
459 2609 553 2655 See.
583 2615 590 2665 Ι
617 2624 736 2656 vexa
757 2612 838 2666 (al.
863 2625 920 2655 m.
946 2626 968 2654 r
991 2616 1234 2667 superscr.)
1257 2616 1290 2654 P
1329 2625 1448 2657 vexa
1470 2608 1595 2654 PcG²
1620 2609 1752 2654 Laid.
1777 2622 1896 2653 nexa
1919 2614 1940 2650 t
2011 2632 2020 2666 j

242 2669 351 2713 laxa
381 2674 426 2711 M
448 2670 464 2726 ss
489 2673 573 2713 509
598 2668 931 2727 Laurigeriquc
960 2670 1270 2715 Baehrensius
1292 2671 1308 2726 ΙΙ
1332 2675 1416 2715 511
1451 2667 1825 2727 galeareviolare
1847 2666 1938 2711 vit·
2018 2677 2020 2683 ·

243 2730 317 2772 tas
347 2732 379 2770 P
402 2729 418 2785 ΙΙ
442 2733 527 2772 512
563 2728 653 2772 Sed
685 2733 754 2772 At
787 2729 859 2773 Sis
883 2728 997 2773 felix
1019 2733 1064 2771 M
1087 2730 1103 2786 ΙΙ
1127 2734 1211 2774 513
1239 2744 1324 2787 pro
1347 2731 1396 2774 te
1420 2732 1458 2771 A
1488 2730 1623 2785 prote
1649 2729 1722 2782 (=
1738 2725 1938 2783 promte)

239 2786 549 2831 Baehrensius
591 2788 597 2843 Ι
641 2787 864 2846 dependis
896 2792 929 2830 P
978 2790 1059 2845 (an
1100 2788 1348 2845 deprendis
1364 2791 1402 2845 ?)
1449 2786 1691 2844 protendis
1725 2789 1767 2828 Η
1806 2784 1938 2829 Laid.

250 2845 374 2890 Voss.
400 2849 461 2889 83
484 2847 723 2902 pretendis
748 2847 878 2904 Lips.
898 2850 960 2892 36
