2020 3106
14 0 42 317 ἶ
602 118 888 166 EDITORIS
920 118 1283 167 PRAEFATIO.
1694 121 1779 166 XV

0 237 9 298 ¹„
77 240 260 296 silium
304 239 518 296 iniisset
575 239 811 296 Statium
863 240 1019 295 novis
1075 241 1216 295 curis
1274 258 1553 295 recensere
1602 259 1777 296 emen-

81 314 205 370 dare
258 313 532 369 illustrare
597 312 688 385 (cf.
742 314 857 368 eius
917 313 1225 370 Observatt.
1276 315 1442 370 critic.
1502 315 1560 369 in
1615 314 1775 370 Statii

40 386 273 444 ·Achill.
333 387 578 461 Gotting.
643 388 787 444 1814
838 406 890 458 p.
940 387 1023 460 4),
1076 392 1268 459 postea
1321 390 1592 460 gymnasii
1646 389 1777 444 Bre-

79 461 278 518 mensis
339 461 574 517 director
638 462 814 517 factus
868 464 1151 532 proposito
1213 463 1486 517 destitisse
1548 463 1775 518 videtur.

78 535 462 607 Amplissimas
507 537 612 591 viri
659 535 959 591 doctissimi
1006 537 1229 591 schedas
1287 536 1591 608 Statianas‚
1638 557 1775 608 quae

77 609 235 666 hodie
258 610 316 664 in
346 610 477 665 bibl.
509 609 880 666 universitatis
906 610 1385 681 Argentoratensis
1410 616 1772 683 asservantur,

79 683 430 756 explorandas
467 684 843 739 liberalissime
882 684 1016 738 mihi
1056 686 1323 739 concessit
1359 686 1674 741 Barackius.

223 758 418 813 Restat
439 761 501 814 ut
531 758 608 814 eis
634 758 767 813 viris
807 758 899 829 qui
936 759 994 812 in
1015 758 1119 814 hoc
1159 761 1418 830 opusculo
1445 759 1770 830 perficiendo

78 849 164 888 me
210 832 535 888 adiuverunt
579 833 786 904 gratias
833 850 995 903 agam
1033 852 1196 904 quam
1235 834 1514 889 maximas.
1590 834 1773 904 Atque

82 905 321 965 omnium
345 907 579 962 maxime
604 907 753 963 Aem.
777 907 1130 963 Baehrensius
1153 907 1545 980 Groningensis
1571 908 1773 978 optime

81 979 145 1036 de
181 980 283 1036 hac
313 999 435 1036 mea
457 981 694 1036 editione
726 982 948 1035 meritus
974 985 1080 1050 est,
1119 983 1316 1053 quippe
1340 983 1431 1053 qui
1456 1000 1568 1037 non
1593 983 1772 1036 solum

55 1053 136 1109 in
169 1055 404 1127 plagulis
443 1055 774 1127 corrigendis
813 1055 1168 1110 libentissime
1207 1057 1342 1111 mihi
1382 1056 1637 1122 adfuerit,
1679 1056 1773 1110 sed

59 1127 240 1202 ,etiam
278 1129 607 1184 coniecturas
637 1147 749 1184 non
778 1148 979 1200 paucas
1012 1131 1350 1185 acutissimas
1381 1149 1593 1185 mecum
1627 1149 1770 1187 com-

55 1198 443 1258 -municaverit
492 1203 631 1257 Tum
671 1203 944 1259 codicibus
982 1204 1357 1260 liberalissime
1396 1205 1768 1259 transmitten-

77 1275 160 1333 dis
196 1295 283 1331 me
322 1277 426 1332 sibi
464 1277 818 1332 devinxerunt
847 1278 1184 1348 Pluyyersius
1222 1282 1385 1350 atque
1417 1279 1669 1333 Nicolaus
1699 1279 1770 1333 du

63 1348 214 1406 ‘Rieu
233 1349 539 1423 Leidenses‚
561 1352 958 1407 Heinemannus
977 1353 1536 1424 Wolfenbuttelensis,
1552 1353 1772 1408 Luebbe-

80 1439 178 1497 καθ
215 1395 688 1498 Oldenburgensis

106 1540 468 1599 Scribebam
505 1544 745 1599 Emdae
783 1563 969 1599 mense
1007 1545 1260 1601 Ianuario
1302 1565 1348 1601 a.
1393 1546 1550 1601 1879.
