1976 3126
207 161 319 216 292
779 160 829 205 P.
861 159 1040 206 PAPIN
1047 161 1089 205 II
1121 161 1319 206 STATII

206 282 470 335 Fulminis
511 282 645 334 haut
682 280 839 335 eitius
879 281 1044 335 radiis
1086 282 1286 336 adflata
1324 301 1608 352 cupressus

211 355 489 410 Combibit
528 355 758 408 infestas
798 358 854 407 et
893 356 1064 425 stirpe
1104 359 1158 409 et
1194 357 1396 410 vertice
1433 358 1702 424 flammaS‚
1809 372 1893 414 675

210 430 385 492 Quam
424 429 634 482 iuvenis
673 430 847 483 multo
886 448 1166 498 possessus
1204 431 1423 484 numine
1460 435 1646 500 peetus

207 504 397 556 Erexit
437 521 627 556 sensus
666 503 870 572 letique
909 504 1108 558 invasit
1148 522 1402 559 amorem.

209 577 285 630 Ut
324 595 450 630 vero
492 577 746 631 adversae
787 595 1138 647 gressumque
1177 578 1530 649 habitumque
1568 581 1779 635 notavit

210 651 285 704 Et
324 651 560 703 subitam
601 669 633 703 a
669 652 834 705 terris
874 652 931 705 in
968 652 1158 705 nubila
1198 671 1434 706 creseere
1474 653 1685 724 Manto,

208 724 502 794 Obstipuit.
569 723 905 795 eSequimur,
937 726 1121 781 divum
1154 745 1521 797 quaecumque
1552 729 1779 799 vocasti,
1811 742 1897 783 680

208 798 262 852 N
265 816 324 851 ee
362 799 515 852 tarde
552 798 862 869 paremus,'-
887 800 986 869 ait3
1024 801 1348 870 iamiamque
1385 802 1637 856 recedens

206 871 513 926 Instantem
550 873 697 926 vallo
738 874 957 943 Pylium
995 877 1182 928 tamen
1219 875 1402 945 Agrea
1439 876 1571 930 fixit.

207 945 483 1017 Armigeri
519 947 725 1000 fessum
764 949 1061 1017 excipiunt3
1098 952 1217 1002 tum
1250 950 1450 1018 vulgus
1490 955 1706 1004 euntem

209 1019 503 1074 Auctorem
540 1022 688 1090 pacis
729 1026 1166 1092 servatoremque
1205 1023 1468 1093 deumque

210 1092 526 1148 Conclamat
565 1095 806 1164 gaudens
847 1100 1008 1166 atque
1047 1097 1263 1167 ignibus
1295 1098 1489 1166 implet
1518 1098 1780 1153 honestis,
1811 1111 1897 1154 685

280 1168 505 1238 Iamque
545 1169 650 1222 iter
690 1170 759 1221 ad
798 1188 981 1224 muros
1021 1189 1182 1224 eursu
1218 1171 1451 1225 festinus
1493 1172 1690 1226 anhelo

208 1240 431 1295 Obtinet
471 1245 527 1295 et
566 1244 793 1297 miseros
833 1244 1034 1314 gaudet
1070 1245 1274 1298 vitasse
1311 1250 1587 1316 parentes,

207 1314 343 1368 Cum
361 1318 577 1385 genitor
594 1336 685 1370 —:
705 1320 1078 1388 steteruntque
1096 1319 1256 1372 ambo
1275 1322 1330 1373 et
1346 1338 1452 1373 vox
1468 1320 1648 1374 haesit
1666 1320 1899 1390 utrique,

205 1387 565 1460 Deieetaeque
606 1409 791 1461 genae.
869 1392 1112 1445 Tandem
1149 1396 1305 1462 pater
1343 1397 1469 1446 ante
1508 1394 1775 1463 profatur:

211 1462 371 1525 ‘Quis
409 1483 582 1518 novus
623 1465 854 1535 inceptis
892 1467 1078 1535 rapuit
1115 1470 1171 1520 te
1211 1485 1367 1520 casus
1407 1468 1476 1521 ab
1515 1468 1718 1521 armis?
1811 1482 1898 1522 690

208 1535 357 1598 Quae
395 1538 540 1592 bello
582 1539 834 1608 graviora
873 1541 1070 1609 paras‘?
1111 1541 1222 1609 dic,
1259 1545 1407 1610 nate,
1438 1540 1712 1611 ’precanti7

209 1609 318 1663 Cur
355 1609 459 1664 tibi
497 1615 655 1665 torva
696 1613 875 1666 aoies‘?
916 1632 1010 1667 eur
1047 1614 1137 1667 hio
1174 1616 1511 1668 truculentus
1551 1616 1608 1668 in
1646 1633 1736 1669 ore

205 1683 413 1754 Pallor,
453 1689 508 1739 et
548 1686 616 1738 ad
653 1687 864 1754 patrios
902 1705 1014 1741 non
1054 1691 1202 1741 stant
1240 1691 1336 1742 tua
1374 1689 1580 1743 lumina
1619 1689 1837 1743 vultus?

207 1758 430 1812 Audisti
467 1777 753 1829 responsa,
791 1762 973 1830 palam
1015 1765 1112 1814 est.
1189 1761 1292 1814 Per
1331 1780 1432 1833 ego
1473 1782 1567 1817 oro
1606 1767 1857 1834 tuosque,

205 1830 374 1901 Nate,
404 1851 660 1903 meosque
693 1853 861 1887 annos
892 1836 1224 1904 miseraeque
1247 1854 1344 1906 per
1367 1838 1534 1890 ubera
1558 1838 1747 1891 matris
1757 1881 1771 1909 ,
1810 1852 1895 1893 695

205 1905 290 1959 Ν6
329 1907 466 1976 vati,
504 1925 574 1960 ne
613 1908 790 1976 erede,
827 1909 982 1977 puer!
1061 1908 1322 1978 Superine
1360 1911 1648 1979 profanum

206 1979 518 2050 Dignantur
560 1982 840 2035 stimulare
881 2000 1086 2049 senem,
1125 1984 1211 2036 oui
1249 1984 1431 2038 vultus
1471 1986 1643 2039 inanis

207 2053 556 2125 Extinetique
597 2056 755 2110 orbes
795 2058 855 2109 et'
885 2075 1063 2126 poena
1101 2057 1376 2111 simillima
1414 2059 1529 2112 diro

209 2127 555 2198 Oedipodae?
596 2130 723 2199 quid
765 2130 812 2183 si
849 2130 1060 2184 insidiis
1102 2134 1156 2184 et
1192 2131 1379 2185 fraude
1419 2133 1607 2187 dolosa

205 2202 321 2255 Rex
362 2203 497 2272 agit,
538 2207 780 2257 extrema
818 2207 901 2257 est
938 2206 1025 2258 eui
1061 2208 1250 2259 nostra
1287 2206 1344 2260 in
1384 2210 1530 2260 sorte
1568 2208 1753 2262 timori
1809 2222 1893 2263 700

206 2274 484 2329 Nobilitas
523 2280 725 2347 tuaque
766 2281 890 2331 ante
929 2279 1088 2332 duces
1126 2280 1415 2334 notissima
1453 2282 1661 2335 virtus?

326 2419 424 2460 685.
461 2416 538 2459 ‘et
568 2415 788 2461 laudibus
819 2416 987 2474 implet
1017 2417 1254 2462 honestis’
1291 2418 1438 2464 Serv.
1473 2420 1534 2463 ad
1564 2419 1679 2464 Aen.
1704 2420 1769 2464 IX
1793 2425 1891 2467 652.
1939 2396 1946 2451 s

328 2544 414 2585 678
448 2540 673 2586 aduersae
704 2547 809 2597 PSp
843 2556 1035 2588 auersae
1066 2544 1220 2587 Bam
1246 2546 1252 2602 Ι
1280 2557 1491 2602 gressum
1522 2551 1555 2589 P
1585 2548 1601 2604 ΙΙ
1633 2550 1718 2591 679
1751 2560 1779 2590 3
1808 2560 1890 2592 om.

206 2603 239 2641 P
270 2600 285 2655 ΙΙ
317 2603 401 2643 681
441 2601 681 2657 patremus
712 2606 745 2644 P
768 2603 784 2659 ΙΙ
809 2606 892 2647 683
928 2602 1071 2646 fixum
1101 2604 1327 2650 Barthius
1353 2604 1360 2664 Ι
1387 2606 1499 2649 tuno
1529 2609 1652 2648 Plu·
1682 2607 1698 2662 ΙΙ
1729 2609 1814 2650 685
1847 2607 1893 2650 et

209 2657 429 2702 laudibus
462 2659 587 2705 Serv.
618 2661 634 2717 ΙΙ
665 2665 750 2706 688
794 2662 1027 2706 steterunt
1066 2665 1174 2720 (que
1204 2665 1308 2720 del.)
1339 2665 1628 2710 scribendum
1657 2678 1748 2710 esse
1769 2670 1890 2711 cens.
1932 2719 1935 2729 Ι

208 2746 424 2794 Menkius
452 2750 458 2806 1
485 2748 670 2805 utrique
695 2749 826 2793 (3²01
852 2750 1111 2797 Gronovius
1140 2751 1373 2808 utrimque
1396 2757 1524 2797 PBH
1546 2755 1562 2810 ΙΙ
1586 2758 1669 2798 691
1701 2738 1891 2824 dignate
1932 2731 1937 2771 ξ

209 2825 241 2862 P
272 2822 287 2877 ΙΙ
321 2825 405 2866 695
437 2836 565 2867 meos
596 2828 630 2867 P
658 2826 675 2881 ΙΙ
712 2830 797 2870 697
828 2824 1092 2882 Dignentur
1132 2827 1459 2872 Valckenarius
1488 2829 1505 2884 ΙΙ
1537 2831 1622 2872 700
1654 2826 1776 2885 agit,
1817 2826 1891 2872 eui

208 2881 371 2924 nostra
402 2883 610 2927 extrema
642 2883 691 2927 in
723 2885 847 2928 sorte
878 2889 911 2927 P

1950 2025 1954 2101 ἱ

1951 2102 1954 2130 ὃ
