2020 3106
32 0 45 67 ,Α

32 109 35 150 ἰ

32 154 35 177 ι

31 187 34 203 l

32 204 35 215 v

32 257 34 266 ι

683 142 1087 190 ACHILLEIDOS
1118 142 1172 188 L.
1203 141 1239 188 1.
1769 139 1803 192 9

119 267 193 321 Te
234 266 386 322 sine?
431 265 560 320 Non
598 265 793 319 merito
832 263 1076 333 trepidus
1117 280 1280 333 sopor
1318 265 1543 331 atraque
1582 260 1744 315 matri

117 339 287 412 Signa
325 340 482 394 deum
523 343 578 393 et
615 355 843 409 magnos
883 338 1091 391 utinam
1131 337 1360 390 mentita
1397 336 1644 389 timores!
1723 347 1809 388 130

113 414 364 484 Namque
404 413 564 467 modo
604 413 847 466 infensos
887 415 1041 465 utero
1082 410 1217 464 mihi
1256 414 1483 464 contuor
1521 426 1692 477 enses,

114 486 272 542 Nunc
309 487 536 558 planctu
575 487 741 540 livere
781 503 996 556 manus,
1035 485 1195 539 modo
1234 484 1292 537 in
1330 484 1499 537 ubera
1537 500 1728 536 saevas

119 561 205 615 Ire
243 561 412 631 feras3
453 578 612 630 saepe
650 561 772 630 ipsa
811 557 1038 632 (nefas!)
1078 559 1177 612 sub
1216 558 1400 611 inania
1436 561 1625 611 natum

119 635 350 690 Tartara
388 637 444 688 et
482 635 550 688 ad
591 632 812 704 Stygios
851 634 1050 687 iterum
1088 633 1204 685 fero
1246 648 1488 702 mergere
1527 631 1719 684 fontes.

115 708 232 763 Hos
273 709 488 763 abolere
526 711 704 762 metus
743 706 943 777 magici
982 707 1134 760 iubet
1172 706 1359 760 ordine
1399 706 1538 759 sacri
1726 716 1810 757 135

118 781 442 853 Carpathius
481 785 632 836 vates
671 799 1001 852 puerumque
1041 781 1140 833 sub
1181 798 1277 833 axe
1316 783 1538 849 peracto

118 855 347 911 Secretis
387 856 622 909 lustrare
659 854 838 924 fretiS,
878 854 968 908 ubi
1011 855 1175 907 litora
1214 871 1425 907 summa

22 961 23 970 κ
118 930 319 984 Oceani
359 932 415 984 et
453 930 668 1001 genitor
705 932 856 1000 tepet
892 928 1265 982 inlabentibus
1305 928 1466 980 astris

113 1003 343 1073 Pontw,
381 1003 475 1057 ubi
515 1003 720 1074 ignotis
751 1003 1022 1057 horrenda
1062 1001 1280 1071 piacula
1319 1000 1456 1054 divis

117 1075 404 1148 Donaque:
437 1077 530 1131 sed
552 1078 777 1147 longum
802 1079 998 1131 cuncta
1022 1093 1334 1129 enumerare
1365 1079 1648 1143 vetorque3
1729 1086 1813 1127 140

118 1150 294 1205 Trade
317 1151 494 1221 magis
509 1149 540 1204 l'
581 1149 670 1204 Sic
694 1151 820 1204 ficta
835 1168 1053 1219 parens:
1077 1167 1250 1219 neque
1275 1149 1419 1202 enim
1443 1148 1537 1201 ille
1562 1147 1815 1217 dedisset,

118 1222 174 1278 Si
213 1225 409 1279 molles
449 1224 670 1278 habitus
710 1227 765 1277 et
802 1224 1044 1294 tegmina
1081 1224 1239 1276 foeda
1277 1222 1438 1275 fateri

116 1298 268 1353 Ausa
307 1298 438 1352 seni.
514 1297 666 1351 Tunc
704 1298 821 1367 ipse
860 1298 1054 1350 refert:
1095 1295 1247 1365 ‘Duc,
1288 1296 1508 1366 optima,
1548 1313 1765 1365 quaeso,

115 1371 235 1426 Duc
272 1371 520 1442 genetrix
558 1371 858 1441 humilique
899 1371 1025 1424 deos
1066 1370 1302 1440 infringe
1342 1372 1579 1439 precatu.

114 1443 259 1500 Nam
276 1447 534 1515 superant
551 1449 647 1498 tua
662 1449 791 1499 vota
814 1445 1034 1499 modum
1054 1444 1427 1514 placandaque
1453 1442 1684 1495 multum
1727 1455 1811 1494 146

115 1517 330 1573 Invidia
370 1521 466 1573 est.
541 1518 669 1573 Non
710 1518 849 1573 addo
890 1523 1111 1587 metum,
1152 1518 1245 1571 sed
1286 1535 1412 1571 vera
1450 1516 1687 1569 fatebor:

115 1590 311 1646 Nescio
352 1593 480 1663 quid
518 1609 778 1663 magnum
817 1591 939 1663 (nec
977 1610 1063 1646 me
1102 1593 1282 1662 patria
1321 1592 1506 1644 omina
1542 1587 1764 1660 fallunt)

235 1796 280 1827 v.
317 1786 399 1826 131
432 1781 762 1828 Priscianus
794 1781 904 1827 VIII
929 1786 984 1827 95
1009 1797 1054 1840 p.
1080 1786 1169 1826 444
1192 1780 1274 1825 H.:
1310 1779 1510 1825 ‘Statius
1540 1779 1590 1824 in
1614 1780 1635 1824 1
1659 1778 1817 1823 Achil·

118 1838 293 1884 leidos:
346 1840 562 1898 Namque
607 1841 748 1886 modo
793 1841 997 1886 infensos
1044 1842 1178 1885 utero
1224 1840 1342 1884 mihi
1397 1853 1484 1884 con
1568 1853 1593 1883 r
1647 1838 1813 1884 enses.'

118 1898 356 1956 Eutych.
389 1899 474 1943 arb.
508 1899 528 1943 I
562 1904 585 1943 1
617 1915 663 1956 p.
689 1904 791 1956 465,
823 1905 849 1943 2
882 1900 957 1944 K:
996 1899 1145 1944 ‘Idem
1177 1899 1321 1943 etiam
1353 1898 1501 1942 aliud*
1606 1912 1661 1942 eo
1693 1911 1818 1942 com-

119 1957 324 2014 positum
354 1956 406 2001 in
434 1957 545 2002 VIII
576 1958 679 2015 (VII
712 1959 807 2003 cod.
835 1959 1009 2014 Paris.)
1040 1958 1162 2003 libro
1188 1957 1457 2002 Thebaidos
1490 1957 1672 2013 extulit,
1706 1970 1814 2001 con-

119 2017 240 2071 tuor,
271 2018 344 2061 ut:
377 2029 577 2072 namque
608 2017 748 2061 modo
783 2016 987 2061 infensos
1018 2019 1152 2062 utero
1183 2017 1302 2061 mihi
1334 2019 1530 2061 contuor
1563 2015 1728 2060 enses.'

241 2210 325 2250 129
364 2205 474 2250 Non
511 2205 680 2252 merito
711 2210 816 2249 PPc
847 2222 959 2251 num
990 2206 1158 2252 merito
1191 2221 1218 2261 ι)
1266 2221 1376 2251 nam
1415 2206 1583 2251 merito
1617 2211 1653 2250 G
1691 2221 1816 2252 nunc

119 2262 288 2310 merito
327 2270 349 2308 t
394 2268 459 2308 nfi
488 2265 676 2310 imerito
718 2264 776 2308 Οἳ
829 2279 923 2310 non
962 2265 1181 2310 inmerito
1213 2270 1256 2308 Η
1296 2267 1313 2323 ΙΙ
1347 2271 1431 2310 130
1471 2267 1520 2310 et
1555 2279 1752 2323 magnos
1781 2269 1820 2308 A

119 2326 165 2366 1
193 2322 392 2381 Magnos
423 2324 520 2368 edd.
556 2326 604 2368 et
634 2338 806 2382 magno
838 2331 859 2367 t
885 2326 892 2381 Ι
920 2325 1101 2369 dolores
1131 2340 1158 2378 1»
1189 2326 1206 2382 ΙΙ
1240 2330 1323 2370 131
1357 2325 1573 2381 Namque
1606 2326 1746 2370 modo
1778 2329 1817 2368 A

119 2384 165 2425 Π
204 2381 482 2427 Priscianus
521 2382 720 2440 Eutych.
797 2383 1013 2440 Namque
1055 2383 1172 2428 mihi
1211 2385 1310 2429 edd.
1345 2386 1353 2439 1
1387 2383 1595 2429 infensos
1643 2383 1701 2426 (³²
1716 2389 1773 2427 Po
1790 2400 1817 2438 p

122 2439 400 2486 Priscianus
432 2441 631 2500 Eutych.
665 2445 701 2485 G
730 2442 928 2488 infessos
957 2447 991 2486 P
1021 2443 1215 2488 infestos
1247 2444 1344 2488 edd.
1374 2445 1380 2499 Ι
1406 2445 1540 2487 utero
1570 2443 1689 2487 mihi
1711 2447 1749 2486 Δ
1771 2448 1818 2487 1

123 2497 358 2546 Priscian.
392 2499 593 2558 Eutych.
627 2502 760 2546 utero
791 2502 931 2547 modo
963 2503 1060 2546 edd.
1087 2503 1103 2559 ΙΙ
1129 2507 1212 2546 132
1244 2502 1391 2547 libere
1421 2506 1454 2544 P
1477 2503 1494 2559 u
1518 2507 1604 2546 134
1636 2504 1685 2546 et
1712 2503 1818 2559 Sty-

121 2556 224 2614 gios
254 2563 288 2602 P
328 2557 498 2604 Venett.
525 2560 541 2616 ΙΙ
564 2559 660 2604 fere
690 2560 883 2618 iungere
907 2567 928 2604 t
949 2562 966 2618 u
992 2565 1075 2606 135
1100 2562 1262 2619 magni
1286 2566 1319 2604 P
1342 2563 1500 2618 magei
1523 2567 1544 2603 t
1570 2563 1575 2615 Ι
1603 2560 1735 2606 iuuet
1757 2562 1821 2619 ΡΗ

122 2634 207 2677 186
237 2619 520 2690 Carplithius
542 2637 576 2675 P
603 2634 610 2689 Ι
636 2635 826 2689 peracizo
861 2639 896 2677 P
925 2634 1125 2692 probato
1159 2636 1293 2680 ceteri
1315 2635 1331 2691 ΙΙ
1357 2640 1438 2678 137
1465 2635 1662 2678 lustrare
1686 2635 1818 2679 vadis

120 2691 159 2732 fl·
183 2691 190 2746 Ι
215 2690 356 2737 litora
386 2705 495 2736 seva
524 2697 545 2734 t
567 2694 583 2749 ΙΙ
619 2697 702 2736 139
734 2692 802 2737 ibi
831 2698 864 2736 P
895 2695 912 2752 [Ι
945 2698 1027 2738 141
1064 2693 1250 2738 Grande
1282 2693 1432 2750 magis
1463 2699 1484 2735 t
1517 2692 1638 2737 Cede
1666 2693 1818 2751 magis

121 2750 158 2791 G
182 2749 190 2805 Ι
214 2749 326 2795 ficta
354 2754 387 2793 P
417 2751 519 2795 fata
548 2752 682 2795 ceteri
713 2753 730 2808 ΙΙ
771 2757 854 2797 142
897 2752 1092 2797 crimina
1122 2752 1262 2798 foeda
1294 2756 1330 2795 G
1368 2751 1581 2809 tegmina
1620 2765 1729 2796 vera
1760 2759 1781 2795 t
1806 2753 1818 2804 Ἰ

123 2810 234 2911 ‹11143u
235 2809 363 2911 t{usia
391 2808 513 2854 foret
545 2824 572 2864 p
618 2810 726 2856 Αἶά.
770 2814 776 2868 Ι
817 2811 923 2869 ipse
955 2816 989 2854 P
1018 2811 1101 2856 ille
1135 2812 1274 2875 ceter-⁴12
1305 2813 1321 2868 ΙΙ
1369 2815 1454 2856 145
1493 2810 1818 2868 placandaque
