1988 3106
151 111 220 164 88
767 112 817 156 Ρ.
849 112 1078 156 PAPINII
1109 112 1307 157 STATII

148 230 310 299 Apta,
348 231 489 300 quod
527 230 584 282 in
624 230 819 299 digitis,
859 230 995 283 collo
1036 231 1178 299 quod
1216 231 1430 302 dignius
1470 252 1672 287 aurum.

148 303 322 357 Norat
361 305 608 357 caelestis
649 304 831 356 oculos
872 303 1018 363 ducis
1057 304 1279 374 ipsaque
1316 306 1500 359 taedas

147 377 402 430 Iunxerat
440 380 494 430 et
529 377 691 445 plena
729 376 946 429 dederat
983 377 1213 430 conubia
1250 377 1451 433 dextra.

150 449 240 503 Sic
281 453 438 503 ornat
476 450 663 518 crinea
696 450 894 518 Tyrios
935 450 1011 502 sic
1048 450 1224 504 fundit
1262 452 1502 521 amictus,
1859 466 1913 506 55

145 523 260 576 Dat
296 524 475 576 radios
514 524 798 592 ignemque
839 541 1007 576 suum.
1084 541 1286 577 cessere
1325 526 1530 593 priores

146 597 388 651 Deliciae
427 597 791 665 famulumque
832 613 1043 667 greges3
1078 597 1167 650 hic
1204 599 1399 667 pocula
1437 615 1633 668 magno

150 670 332 722 Prima
370 670 490 722 duci
529 688 842 739 murrasque
882 687 1072 739 graues
1116 672 1475 740 crystallaque
1513 675 1695 740 portat

152 742 468 796 Candidiore
508 762 691 795 manu:
731 744 922 797 crescit
958 761 1100 796 noua
1131 745 1307 813 gratia
1331 744 1560 798 Baccho,

153 815 284 869 Care
322 835 470 885 puer,
510 817 714 884 superis
754 818 844 886 qui
882 817 1178 886 praelibare
1212 818 1503 871 uerendum
1860 832 1916 872 60

151 889 351 943 Nectar
390 892 444 942 et
480 890 756 959 ingentem
792 891 990 943 totiens
1029 891 1339 961 contingere
1380 891 1620 944 dextram

150 963 387 1031 Electus,
428 981 585 1031 quam
624 981 782 1016 nosse
822 963 1005 1032 Getae,
1044 982 1204 1033 quam
1241 967 1465 1034 tangere
1504 965 1697 1017 Persae

151 1036 496 1105 Armeniique
534 1036 760 1106 Indique
797 1038 1010 1106 petunt!
1053 1055 1084 1089 o
1124 1037 1292 1090 sidere
1332 1038 1524 1091 dextro

151 1110 323 1178 Edite,
362 1110 535 1162 multa
571 1110 671 1162 tibi
710 1109 892 1162 diuum
930 1111 1266 1180 indulgentia
1302 1110 1464 1164 fauit!

154 1183 296 1236 Olim
336 1184 513 1252 etiam,
550 1201 618 1235 ne
656 1183 830 1251 prima
870 1200 1032 1252 genas
1071 1185 1271 1253 lanugo
1309 1185 1543 1237 nitentes
1861 1196 1931 1237 65·

153 1256 408 1326 Carperet
446 1260 499 1309 et
535 1257 789 1324 pulchrae
827 1257 1060 1312 fuscaret
1097 1258 1276 1326 gratia
1312 1257 1532 1326 formae,

151 1346 273 1398 ipse
313 1331 439 1382 deus
479 1330 685 1398 patriae
724 1331 920 1383 celsam
950 1334 1098 1382 trans
1139 1348 1371 1399 aequora
1404 1331 1563 1400 liquit

153 1403 470 1472 Pergamon.
544 1403 678 1455 haut
715 1403 812 1455 ulli
850 1421 1073 1471 puerum
1111 1404 1320 1456 mollire
1357 1407 1597 1472 potestas

155 1474 387 1544 Credita,
428 1476 519 1528 sed
557 1476 722 1527 tacita
760 1477 967 1528 iuuenis
1005 1476 1304 1529 Phoebeius
1345 1481 1458 1530 arte

152 1549 366 1602 Leniter
403 1549 538 1601 haut
574 1550 683 1601 ullo
724 1567 1042 1602 concussum
1079 1550 1299 1602 uulnere
1339 1569 1530 1619 corpus
1862 1564 1915 1604 70

152 1622 234 1675 De
274 1641 401 1674 sexu
438 1623 666 1674 transire
704 1622 866 1675 iubet.
940 1626 1124 1675 tamen
1163 1623 1322 1675 anxia
1361 1625 1502 1677 curis

152 1695 427 1748 Mordetur
462 1695 717 1763 puerique
755 1696 911 1748 timet
950 1693 1218 1764 Cytherea
1256 1696 1480 1750 dolores.

152 1768 406 1822 Nondum
443 1768 667 1836 pulchra
705 1769 853 1821 ducis
892 1769 1174 1822 clementia
1212 1774 1461 1838 coeperat
1499 1773 1621 1823 ortu

152 1843 394 1895 Intactos
435 1859 648 1894 seruare
685 1859 884 1910 mares3
921 1860 1065 1894 nunc
1102 1843 1351 1912 frangere
1391 1861 1576 1896 sexum

153 1915 332 1985 Atque
369 1915 645 1967 hominem
683 1916 895 1967 mutare
925 1915 1099 1983 nefas3
1140 1916 1430 1985 gauisaque
1467 1919 1612 1971 totos
1860 1930 1923 1970 ⁷52

155 1988 299 2050 Quos
338 1989 524 2057 genuit
560 1991 753 2040 natura
788 1988 948 2056 uidet,
985 2007 1084 2041 nec
1120 1990 1237 2059 lege
1278 1990 1497 2042 sinistra

152 2062 310 2114 Ferre
348 2062 544 2113 timent
581 2062 813 2114 famulae
851 2065 1104 2115 natorum
1140 2063 1378 2131 pondera
1415 2066 1626 2116 matres,

155 2135 236 2187 Tu
275 2153 497 2204 quoque,
534 2153 676 2187 nunc
714 2136 937 2203 iuueniS‚
977 2136 1188 2205 genitus
1227 2137 1273 2188 si
1311 2137 1515 2190 tardius
1556 2155 1714 2206 esse8‚

152 2207 551 2276 Umbratusque
590 2225 756 2277 genas
796 2212 850 2262 et
886 2209 1095 2262 adultos
1133 2209 1325 2262 fortior
1362 2213 1526 2278 artuS,

152 2281 277 2334 Non
314 2300 479 2333 unum
519 2282 758 2350 gaudens
796 2281 1047 2335 Phoebea
1085 2282 1151 2334 ad
1188 2283 1375 2334 limina
1412 2301 1604 2336 munus
1857 2296 1915 2336 80

1919 1910 1962 2199 maiam-⁴
1920 1638 1947 1895 ηαβεντ,
1923 1586 1935 1604 e
1921 1517 1950 1567 aa:
1948 1314 1949 1317 „
1927 1279 1930 1292 .„

152 2472 503 2479 .——-——.-—

271 2634 327 2675 58
358 2643 629 2685 murrasque
662 2634 710 2673 c:
743 2642 1010 2685 myrrasque
1041 2643 1069 2672 ο,
1103 2631 1109 2684 1
1144 2643 1308 2686 graues
1340 2636 1368 2673 c
1399 2646 1446 2675 a:
1477 2645 1592 2688 puer
1624 2634 1653 2675 ς
1683 2632 1699 2687 ΙΙ
1733 2635 1787 2676 59
1820 2646 1912 2676 ma·
1931 2630 1942 2638 ’“

152 2689 231 2733 lim
264 2688 542 2733 Candidiora
571 2690 586 2744 ΙΙ
618 2693 672 2732 66
707 2688 955 2744 Spargeret
987 2688 1159 2733 Markl.
1191 2691 1207 2745 ΙΙ
1238 2694 1292 2734 68
1324 2689 1412 2733 ulli
1441 2693 1500 2733 A:
1531 2690 1605 2734 illi
1635 2694 1664 2732 c
1687 2692 1702 2746 ΙΙ
1727 2696 1782 2735 70
1814 2704 1932 2749 σοι-ὴ.

150 2761 236 2804 pus
268 2746 337 2789 A*
370 2751 418 2790 c:
449 2749 637 2803 torpens
671 2750 699 2790 ς
731 2748 746 2802 ΙΙ
779 2752 834 2791 74
873 2760 1032 2791 sexum
1061 2750 1099 2790 A
1131 2751 1179 2790 c:
1213 2761 1323 2792 saxo
1355 2751 1384 2792 ς
1413 2750 1430 2805 n
1461 2753 1515 2793 75
1546 2750 1671 2793 totos
1701 2750 1794 2803 (uel
1823 2749 1913 2794 sal·
1959 2796 1961 2802 ⁴

150 2807 252 2863 uos)
283 2806 448 2861 scripsi
478 2806 506 2849 l.
540 2806 568 2849 l.
594 2819 645 2861 p.
678 2809 797 2850 256:
830 2805 951 2849 solos
982 2810 1010 2847 c
1042 2821 1070 2848 a
1957 2814 1961 2822 ¹
