<?xml version="1.0" encoding="UTF-8"?>
<!DOCTYPE html PUBLIC "-//W3C//DTD XHTML 1.0 Transitional//EN"
    "http://www.w3.org/TR/xhtml1/DTD/xhtml1-transitional.dtd">
<html xmlns="http://www.w3.org/1999/xhtml" xml:lang="en" lang="en">
 <head>
  <title>
</title>
<meta http-equiv="Content-Type" content="text/html;charset=utf-8" />
  <meta name='ocr-system' content='tesseract 3.04.00' />
  <meta name='ocr-capabilities' content='ocr_page ocr_carea ocr_par ocr_line ocrx_word'/>
</head>
<body>
  <div class='ocr_page' id='page_1' title='image "./operapapinius12statuoft_0558.png"; bbox 0 0 1976 3126; ppageno 0'>
   <div class='ocr_carea' id='block_1_1' title="bbox 193 162 1302 216">
    <p class='ocr_par' dir='ltr' id='par_1_1' title="bbox 193 162 1302 216">
     <span class='ocr_line' id='line_1_1' title="bbox 193 162 1302 216; baseline 0.003 -11"><span class='ocrx_word' id='word_1_1' title='bbox 193 164 301 216; x_wconf 79' lang='lat'>288</span> <span class='ocrx_word' id='word_1_2' title='bbox 766 164 816 209; x_wconf 89' lang='lat' dir='ltr'>P.</span> <span class='ocrx_word' id='word_1_3' title='bbox 849 162 1078 207; x_wconf 75' lang='lat' dir='ltr'>PAPmn</span> <span class='ocrx_word' id='word_1_4' title='bbox 1109 163 1302 208; x_wconf 77' lang='lat' dir='ltr'>s&#39;rATn</span> 
     </span>
    </p>
   </div>
   <div class='ocr_carea' id='block_1_2' title="bbox 191 282 1943 2498">
    <p class='ocr_par' dir='ltr' id='par_1_2' title="bbox 191 282 1886 1907">
     <span class='ocr_line' id='line_1_2' title="bbox 195 282 1598 356; baseline 0.001 -19"><span class='ocrx_word' id='word_1_5' title='bbox 195 282 455 338; x_wconf 80' lang='lat' dir='ltr'>Scindunt</span> <span class='ocrx_word' id='word_1_6' title='bbox 496 284 745 336; x_wconf 82' lang='lat' dir='ltr'>dissensu</span> <span class='ocrx_word' id='word_1_7' title='bbox 783 284 933 336; x_wconf 87' lang='lat' dir='ltr'>vario</span> <span class='ocrx_word' id='word_1_8' title='bbox 974 283 1281 354; x_wconf 72' lang='lat' dir='ltr'>Luctusque</span> <span class='ocrx_word' id='word_1_9' title='bbox 1319 284 1598 356; x_wconf 83' lang='lat' dir='ltr'>Furorque</span> 
     </span>
     <span class='ocr_line' id='line_1_3' title="bbox 191 357 1632 427; baseline 0.001 -16"><span class='ocrx_word' id='word_1_10' title='bbox 191 358 266 412; x_wconf 87' lang='lat' dir='ltr'>Et</span> <span class='ocrx_word' id='word_1_11' title='bbox 304 358 482 411; x_wconf 87' lang='lat' dir='ltr'>Pavor</span> <span class='ocrx_word' id='word_1_12' title='bbox 523 361 577 409; x_wconf 91' lang='lat' dir='ltr'>et</span> <span class='ocrx_word' id='word_1_13' title='bbox 618 357 788 409; x_wconf 88' lang='lat' dir='ltr'>caecis</span> <span class='ocrx_word' id='word_1_14' title='bbox 827 357 978 427; x_wconf 86' lang='lat' dir='ltr'>Fuga</span> <span class='ocrx_word' id='word_1_15' title='bbox 1018 359 1342 411; x_wconf 85' lang='lat' dir='ltr'>circumfusa</span> <span class='ocrx_word' id='word_1_16' title='bbox 1380 360 1632 413; x_wconf 79' lang='lat' dir='ltr'>tenebris,</span> 
     </span>
     <span class='ocr_line' id='line_1_4' title="bbox 195 432 1882 504; baseline 0.003 -20"><span class='ocrx_word' id='word_1_17' title='bbox 195 432 411 485; x_wconf 87' lang='lat' dir='ltr'>Bellum</span> <span class='ocrx_word' id='word_1_18' title='bbox 451 432 681 483; x_wconf 73' lang='lat' dir='ltr'>intrasse</span> <span class='ocrx_word' id='word_1_19' title='bbox 721 434 901 501; x_wconf 89' lang='lat' dir='ltr'>putes:</span> <span class='ocrx_word' id='word_1_20' title='bbox 941 432 1153 485; x_wconf 86' lang='lat' dir='ltr'>fervent</span> <span class='ocrx_word' id='word_1_21' title='bbox 1191 433 1518 487; x_wconf 85' lang='lat' dir='ltr'>discursibus</span> <span class='ocrx_word' id='word_1_22' title='bbox 1560 453 1732 504; x_wconf 87' lang='lat' dir='ltr'>arces,</span> <span class='ocrx_word' id='word_1_23' title='bbox 1796 448 1882 490; x_wconf 85' lang='grc'>560</span> 
     </span>
     <span class='ocr_line' id='line_1_5' title="bbox 195 505 1747 579; baseline 0.003 -21"><span class='ocrx_word' id='word_1_24' title='bbox 195 505 492 558; x_wconf 90' lang='lat' dir='ltr'>Miscentur</span> <span class='ocrx_word' id='word_1_25' title='bbox 532 505 766 558; x_wconf 89' lang='lat' dir='ltr'>clamore</span> <span class='ocrx_word' id='word_1_26' title='bbox 805 506 946 575; x_wconf 84' lang='lat' dir='ltr'>viae,</span> <span class='ocrx_word' id='word_1_27' title='bbox 984 505 1189 558; x_wconf 88' lang='lat' dir='ltr'>ferrum</span> <span class='ocrx_word' id='word_1_28' title='bbox 1228 506 1462 576; x_wconf 91' lang='lat' dir='ltr'>undique</span> <span class='ocrx_word' id='word_1_29' title='bbox 1503 511 1556 560; x_wconf 86' lang='lat' dir='ltr'>et</span> <span class='ocrx_word' id='word_1_30' title='bbox 1593 509 1747 579; x_wconf 89' lang='lat' dir='ltr'>ignes</span> 
     </span>
     <span class='ocr_line' id='line_1_6' title="bbox 195 579 1641 648; baseline 0.003 -17"><span class='ocrx_word' id='word_1_31' title='bbox 195 579 377 632; x_wconf 91' lang='lat' dir='ltr'>Mente</span> <span class='ocrx_word' id='word_1_32' title='bbox 417 579 622 647; x_wconf 81' lang='lat' dir='ltr'>vident,</span> <span class='ocrx_word' id='word_1_33' title='bbox 664 598 854 632; x_wconf 86' lang='lat' dir='ltr'>saevas</span> <span class='ocrx_word' id='word_1_34' title='bbox 893 583 1074 632; x_wconf 89' lang='lat' dir='ltr'>mente</span> <span class='ocrx_word' id='word_1_35' title='bbox 1116 597 1369 648; x_wconf 89' lang='lat' dir='ltr'>accepere</span> <span class='ocrx_word' id='word_1_36' title='bbox 1408 584 1641 635; x_wconf 82' lang='lat' dir='ltr'>catenas,</span> 
     </span>
     <span class='ocr_line' id='line_1_7' title="bbox 197 651 1684 725; baseline 0.002 -19"><span class='ocrx_word' id='word_1_37' title='bbox 197 651 549 722; x_wconf 81' lang='lat' dir='ltr'>Consumpsit</span> <span class='ocrx_word' id='word_1_38' title='bbox 587 656 815 706; x_wconf 88' lang='lat' dir='ltr'>ventura</span> <span class='ocrx_word' id='word_1_39' title='bbox 851 654 1037 707; x_wconf 90' lang='lat' dir='ltr'>timor:</span> <span class='ocrx_word' id='word_1_40' title='bbox 1076 654 1188 707; x_wconf 89' lang='lat' dir='ltr'>iam</span> <span class='ocrx_word' id='word_1_41' title='bbox 1227 657 1373 708; x_wconf 88' lang='lat' dir='ltr'>tecta</span> <span class='ocrx_word' id='word_1_42' title='bbox 1410 656 1684 725; x_wconf 89' lang='lat' dir='ltr'>replerant</span> 
     </span>
     <span class='ocr_line' id='line_1_8' title="bbox 197 727 1771 796; baseline 0.004 -18"><span class='ocrx_word' id='word_1_43' title='bbox 197 727 554 795; x_wconf 84' lang='lat' dir='ltr'>Templaque‚</span> <span class='ocrx_word' id='word_1_44' title='bbox 593 730 646 779; x_wconf 91' lang='lat' dir='ltr'>et</span> <span class='ocrx_word' id='word_1_45' title='bbox 685 729 933 795; x_wconf 73' lang='lat' dir='ltr'>ingratae</span> <span class='ocrx_word' id='word_1_46' title='bbox 972 728 1245 781; x_wconf 87' lang='lat' dir='ltr'>vallantur</span> <span class='ocrx_word' id='word_1_47' title='bbox 1284 729 1592 796; x_wconf 87' lang='lat' dir='ltr'>planctibus</span> <span class='ocrx_word' id='word_1_48' title='bbox 1634 749 1771 786; x_wconf 88' lang='lat' dir='ltr'>arae.</span> 
     </span>
     <span class='ocr_line' id='line_1_9' title="bbox 194 799 1883 871; baseline 0.004 -19"><span class='ocrx_word' id='word_1_49' title='bbox 194 799 317 853; x_wconf 90' lang='lat' dir='ltr'>Una</span> <span class='ocrx_word' id='word_1_50' title='bbox 358 819 543 853; x_wconf 87' lang='lat' dir='ltr'>omnes</span> <span class='ocrx_word' id='word_1_51' title='bbox 585 801 875 870; x_wconf 90' lang='lat' dir='ltr'>eademque</span> <span class='ocrx_word' id='word_1_52' title='bbox 916 802 1063 854; x_wconf 86' lang='lat' dir='ltr'>subit</span> <span class='ocrx_word' id='word_1_53' title='bbox 1101 802 1330 855; x_wconf 87' lang='lat' dir='ltr'>formido</span> <span class='ocrx_word' id='word_1_54' title='bbox 1370 821 1466 871; x_wconf 90' lang='lat' dir='ltr'>per</span> <span class='ocrx_word' id='word_1_55' title='bbox 1507 822 1697 857; x_wconf 89' lang='lat' dir='ltr'>annos:</span> <span class='ocrx_word' id='word_1_56' title='bbox 1798 820 1883 860; x_wconf 83' lang='lat'>565</span> 
     </span>
     <span class='ocr_line' id='line_1_10' title="bbox 194 874 1625 947; baseline 0.002 -20"><span class='ocrx_word' id='word_1_57' title='bbox 194 874 433 928; x_wconf 87' lang='lat' dir='ltr'>Poscunt</span> <span class='ocrx_word' id='word_1_58' title='bbox 471 876 587 927; x_wconf 85' lang='lat' dir='ltr'>fata</span> <span class='ocrx_word' id='word_1_59' title='bbox 627 893 804 944; x_wconf 80' lang='lat' dir='ltr'>seneS‚</span> <span class='ocrx_word' id='word_1_60' title='bbox 845 876 998 928; x_wconf 88' lang='lat' dir='ltr'>ardet</span> <span class='ocrx_word' id='word_1_61' title='bbox 1035 877 1312 946; x_wconf 88' lang='lat' dir='ltr'>palletque</span> <span class='ocrx_word' id='word_1_62' title='bbox 1350 876 1625 947; x_wconf 80' lang='lat' dir='ltr'>iuventUS‚</span> 
     </span>
     <span class='ocr_line' id='line_1_11' title="bbox 196 948 1514 1020; baseline 0.003 -20"><span class='ocrx_word' id='word_1_63' title='bbox 196 948 355 1001; x_wconf 88' lang='lat' dir='ltr'>Atria</span> <span class='ocrx_word' id='word_1_64' title='bbox 391 948 639 1002; x_wconf 87' lang='lat' dir='ltr'>femineis</span> <span class='ocrx_word' id='word_1_65' title='bbox 680 949 958 1018; x_wconf 88' lang='lat' dir='ltr'>trepidant</span> <span class='ocrx_word' id='word_1_66' title='bbox 995 950 1207 1003; x_wconf 90' lang='lat' dir='ltr'>ululata</span> <span class='ocrx_word' id='word_1_67' title='bbox 1246 951 1514 1020; x_wconf 90' lang='lat' dir='ltr'>querellis.</span> 
     </span>
     <span class='ocr_line' id='line_1_12' title="bbox 195 1023 1748 1095; baseline 0.004 -21"><span class='ocrx_word' id='word_1_68' title='bbox 195 1023 358 1075; x_wconf 86' lang='lat' dir='ltr'>Flent</span> <span class='ocrx_word' id='word_1_69' title='bbox 395 1023 550 1091; x_wconf 87' lang='lat' dir='ltr'>pueri</span> <span class='ocrx_word' id='word_1_70' title='bbox 590 1027 645 1075; x_wconf 92' lang='lat' dir='ltr'>et</span> <span class='ocrx_word' id='word_1_71' title='bbox 683 1023 845 1076; x_wconf 90' lang='lat' dir='ltr'>flendi</span> <span class='ocrx_word' id='word_1_72' title='bbox 884 1027 1157 1092; x_wconf 86' lang='lat' dir='ltr'>nequeunt</span> <span class='ocrx_word' id='word_1_73' title='bbox 1196 1042 1520 1095; x_wconf 81' lang='lat' dir='ltr'>cognoscere</span> <span class='ocrx_word' id='word_1_74' title='bbox 1560 1045 1748 1080; x_wconf 86' lang='lat' dir='ltr'>causas</span> 
     </span>
     <span class='ocr_line' id='line_1_13' title="bbox 194 1097 1685 1153; baseline 0.003 -6"><span class='ocrx_word' id='word_1_75' title='bbox 194 1097 434 1148; x_wconf 85' lang='lat' dir='ltr'>Attoniti</span> <span class='ocrx_word' id='word_1_76' title='bbox 475 1101 529 1148; x_wconf 87' lang='lat' dir='ltr'>et</span> <span class='ocrx_word' id='word_1_77' title='bbox 567 1100 784 1149; x_wconf 87' lang='lat' dir='ltr'>tantum</span> <span class='ocrx_word' id='word_1_78' title='bbox 824 1103 1060 1151; x_wconf 91' lang='lat' dir='ltr'>matrum</span> <span class='ocrx_word' id='word_1_79' title='bbox 1098 1098 1339 1151; x_wconf 88' lang='lat' dir='ltr'>lamenta</span> <span class='ocrx_word' id='word_1_80' title='bbox 1377 1102 1685 1153; x_wconf 89' lang='lat' dir='ltr'>trementes.</span> 
     </span>
     <span class='ocr_line' id='line_1_14' title="bbox 195 1170 1885 1242; baseline 0.004 -20"><span class='ocrx_word' id='word_1_81' title='bbox 195 1170 329 1223; x_wconf 91' lang='lat' dir='ltr'>Illas</span> <span class='ocrx_word' id='word_1_82' title='bbox 370 1172 518 1240; x_wconf 85' lang='lat' dir='ltr'>cogit</span> <span class='ocrx_word' id='word_1_83' title='bbox 558 1189 730 1239; x_wconf 84' lang='lat' dir='ltr'>amor,</span> <span class='ocrx_word' id='word_1_84' title='bbox 768 1189 867 1224; x_wconf 92' lang='lat' dir='ltr'>nec</span> <span class='ocrx_word' id='word_1_85' title='bbox 905 1172 1110 1225; x_wconf 87' lang='lat' dir='ltr'>habent</span> <span class='ocrx_word' id='word_1_86' title='bbox 1150 1176 1392 1225; x_wconf 87' lang='lat' dir='ltr'>extrema</span> <span class='ocrx_word' id='word_1_87' title='bbox 1430 1173 1715 1242; x_wconf 89' lang='lat' dir='ltr'>pudorem:</span> <span class='ocrx_word' id='word_1_88' title='bbox 1802 1189 1885 1229; x_wconf 82' lang='lat'>570</span> 
     </span>
     <span class='ocr_line' id='line_1_15' title="bbox 196 1244 1796 1317; baseline 0.003 -21"><span class='ocrx_word' id='word_1_89' title='bbox 196 1244 356 1312; x_wconf 90' lang='lat' dir='ltr'>Ipsae</span> <span class='ocrx_word' id='word_1_90' title='bbox 396 1245 509 1297; x_wconf 89' lang='lat' dir='ltr'>tela</span> <span class='ocrx_word' id='word_1_91' title='bbox 547 1246 698 1311; x_wconf 87' lang='lat' dir='ltr'>viris,</span> <span class='ocrx_word' id='word_1_92' title='bbox 737 1245 889 1314; x_wconf 89' lang='lat' dir='ltr'>ipsae</span> <span class='ocrx_word' id='word_1_93' title='bbox 926 1247 1065 1299; x_wconf 89' lang='lat' dir='ltr'>iram</span> <span class='ocrx_word' id='word_1_94' title='bbox 1106 1246 1420 1315; x_wconf 88' lang='lat' dir='ltr'>animosque</span> <span class='ocrx_word' id='word_1_95' title='bbox 1460 1248 1796 1317; x_wconf 85' lang='lat' dir='ltr'>ministrant,</span> 
     </span>
     <span class='ocr_line' id='line_1_16' title="bbox 196 1318 1726 1392; baseline 0.004 -22"><span class='ocrx_word' id='word_1_96' title='bbox 196 1318 607 1387; x_wconf 90' lang='lat' dir='ltr'>Hortanturque</span> <span class='ocrx_word' id='word_1_97' title='bbox 646 1337 859 1389; x_wconf 87' lang='lat' dir='ltr'>unaque</span> <span class='ocrx_word' id='word_1_98' title='bbox 897 1324 1085 1387; x_wconf 84' lang='lat' dir='ltr'>ruunt,</span> <span class='ocrx_word' id='word_1_99' title='bbox 1122 1339 1220 1374; x_wconf 90' lang='lat' dir='ltr'>nec</span> <span class='ocrx_word' id='word_1_100' title='bbox 1260 1322 1409 1373; x_wconf 85' lang='lat' dir='ltr'>avita</span> <span class='ocrx_word' id='word_1_101' title='bbox 1448 1325 1726 1392; x_wconf 85' lang='lat' dir='ltr'>gementes</span> 
     </span>
     <span class='ocr_line' id='line_1_17' title="bbox 195 1392 1577 1461; baseline 0.004 -17"><span class='ocrx_word' id='word_1_102' title='bbox 195 1392 411 1445; x_wconf 88' lang='lat' dir='ltr'>Limina</span> <span class='ocrx_word' id='word_1_103' title='bbox 449 1410 547 1445; x_wconf 89' lang='lat' dir='ltr'>nec</span> <span class='ocrx_word' id='word_1_104' title='bbox 586 1412 783 1461; x_wconf 87' lang='lat' dir='ltr'>parvos</span> <span class='ocrx_word' id='word_1_105' title='bbox 824 1397 1036 1447; x_wconf 88' lang='lat' dir='ltr'>cessant</span> <span class='ocrx_word' id='word_1_106' title='bbox 1075 1395 1355 1448; x_wconf 89' lang='lat' dir='ltr'>ostendere</span> <span class='ocrx_word' id='word_1_107' title='bbox 1395 1399 1577 1449; x_wconf 89' lang='lat' dir='ltr'>natos:</span> 
     </span>
     <span class='ocr_line' id='line_1_18' title="bbox 197 1465 1534 1537; baseline 0.004 -19"><span class='ocrx_word' id='word_1_108' title='bbox 197 1465 284 1519; x_wconf 81' lang='lat' dir='ltr'>Sic</span> <span class='ocrx_word' id='word_1_109' title='bbox 323 1467 419 1519; x_wconf 90' lang='lat' dir='ltr'>ubi</span> <span class='ocrx_word' id='word_1_110' title='bbox 456 1468 702 1535; x_wconf 90' lang='lat' dir='ltr'>pumiceo</span> <span class='ocrx_word' id='word_1_111' title='bbox 742 1471 931 1536; x_wconf 87' lang='lat' dir='ltr'>pastor</span> <span class='ocrx_word' id='word_1_112' title='bbox 970 1472 1225 1537; x_wconf 89' lang='lat' dir='ltr'>rapturus</span> <span class='ocrx_word' id='word_1_113' title='bbox 1266 1470 1332 1522; x_wconf 91' lang='lat' dir='ltr'>ab</span> <span class='ocrx_word' id='word_1_114' title='bbox 1375 1473 1534 1523; x_wconf 92' lang='lat' dir='ltr'>antro</span> 
     </span>
     <span class='ocr_line' id='line_1_19' title="bbox 195 1541 1886 1612; baseline 0.004 -20"><span class='ocrx_word' id='word_1_115' title='bbox 195 1541 456 1593; x_wconf 87' lang='lat' dir='ltr'>Armatas</span> <span class='ocrx_word' id='word_1_116' title='bbox 498 1541 669 1593; x_wconf 86' lang='lat' dir='ltr'>erexit</span> <span class='ocrx_word' id='word_1_117' title='bbox 708 1560 836 1610; x_wconf 85' lang='lat' dir='ltr'>apes</span> <span class='ocrx_word' id='word_1_118' title='bbox 847 1584 862 1610; x_wconf 88' lang='lat'><em>‚</em></span> <span class='ocrx_word' id='word_1_119' title='bbox 898 1542 1082 1595; x_wconf 87' lang='lat' dir='ltr'>fremit</span> <span class='ocrx_word' id='word_1_120' title='bbox 1121 1561 1312 1611; x_wconf 92' lang='lat' dir='ltr'>aspera</span> <span class='ocrx_word' id='word_1_121' title='bbox 1349 1544 1543 1612; x_wconf 84' lang='lat' dir='ltr'>nubes;</span> <span class='ocrx_word' id='word_1_122' title='bbox 1802 1559 1886 1598; x_wconf 81' lang='grc'>575</span> 
     </span>
     <span class='ocr_line' id='line_1_20' title="bbox 194 1613 1651 1682; baseline 0.003 -15"><span class='ocrx_word' id='word_1_123' title='bbox 194 1613 364 1682; x_wconf 91' lang='lat' dir='ltr'>Inque</span> <span class='ocrx_word' id='word_1_124' title='bbox 404 1615 575 1667; x_wconf 89' lang='lat' dir='ltr'>vicem</span> <span class='ocrx_word' id='word_1_125' title='bbox 618 1633 732 1668; x_wconf 87' lang='lat' dir='ltr'>sese</span> <span class='ocrx_word' id='word_1_126' title='bbox 774 1616 1004 1668; x_wconf 88' lang='lat' dir='ltr'>stridore</span> <span class='ocrx_word' id='word_1_127' title='bbox 1043 1616 1334 1670; x_wconf 88' lang='lat' dir='ltr'>hortantur</span> <span class='ocrx_word' id='word_1_128' title='bbox 1373 1620 1428 1669; x_wconf 92' lang='lat' dir='ltr'>et</span> <span class='ocrx_word' id='word_1_129' title='bbox 1466 1635 1651 1671; x_wconf 89' lang='lat' dir='ltr'>omnes</span> 
     </span>
     <span class='ocr_line' id='line_1_21' title="bbox 195 1687 1582 1758; baseline 0.004 -19"><span class='ocrx_word' id='word_1_130' title='bbox 195 1687 385 1740; x_wconf 89' lang='lat' dir='ltr'>Hostis</span> <span class='ocrx_word' id='word_1_131' title='bbox 425 1689 482 1739; x_wconf 90' lang='lat' dir='ltr'>in</span> <span class='ocrx_word' id='word_1_132' title='bbox 522 1707 617 1740; x_wconf 89' lang='lat' dir='ltr'>ora</span> <span class='ocrx_word' id='word_1_133' title='bbox 655 1689 867 1758; x_wconf 82' lang='lat' dir='ltr'>volant,</span> <span class='ocrx_word' id='word_1_134' title='bbox 906 1708 1032 1742; x_wconf 88' lang='lat' dir='ltr'>mox</span> <span class='ocrx_word' id='word_1_135' title='bbox 1071 1690 1442 1743; x_wconf 87' lang='lat' dir='ltr'>deficientibus</span> <span class='ocrx_word' id='word_1_136' title='bbox 1484 1692 1582 1744; x_wconf 89' lang='lat' dir='ltr'>alis</span> 
     </span>
     <span class='ocr_line' id='line_1_22' title="bbox 199 1761 1762 1836; baseline 0.003 -22"><span class='ocrx_word' id='word_1_137' title='bbox 199 1761 494 1829; x_wconf 85' lang='lat' dir='ltr'>Amplexae</span> <span class='ocrx_word' id='word_1_138' title='bbox 533 1762 836 1832; x_wconf 87' lang='lat' dir='ltr'>flavamque</span> <span class='ocrx_word' id='word_1_139' title='bbox 875 1763 1092 1816; x_wconf 89' lang='lat' dir='ltr'>domum</span> <span class='ocrx_word' id='word_1_140' title='bbox 1132 1765 1453 1833; x_wconf 86' lang='lat' dir='ltr'>captivaque</span> <span class='ocrx_word' id='word_1_141' title='bbox 1493 1766 1762 1836; x_wconf 89' lang='lat' dir='ltr'>plangunt</span> 
     </span>
     <span class='ocr_line' id='line_1_23' title="bbox 195 1834 1654 1907; baseline 0.004 -21"><span class='ocrx_word' id='word_1_142' title='bbox 195 1834 364 1887; x_wconf 89' lang='lat' dir='ltr'>Mella</span> <span class='ocrx_word' id='word_1_143' title='bbox 403 1835 784 1905; x_wconf 89' lang='lat' dir='ltr'>laboratasque</span> <span class='ocrx_word' id='word_1_144' title='bbox 824 1841 1081 1907; x_wconf 89' lang='lat' dir='ltr'>premunt</span> <span class='ocrx_word' id='word_1_145' title='bbox 1121 1838 1188 1890; x_wconf 90' lang='lat' dir='ltr'>ad</span> <span class='ocrx_word' id='word_1_146' title='bbox 1226 1841 1451 1907; x_wconf 88' lang='lat' dir='ltr'>pectora</span> <span class='ocrx_word' id='word_1_147' title='bbox 1490 1857 1654 1893; x_wconf 86' lang='lat' dir='ltr'>ceras.</span> 
     </span>
    </p>

    <p class='ocr_par' dir='ltr' id='par_1_3' title="bbox 195 1907 1943 2498">
     <span class='ocr_line' id='line_1_24' title="bbox 269 1907 1886 1983; baseline 0.004 -22"><span class='ocrx_word' id='word_1_148' title='bbox 269 1907 382 1961; x_wconf 91' lang='lat' dir='ltr'>Nec</span> <span class='ocrx_word' id='word_1_149' title='bbox 420 1928 530 1962; x_wconf 90' lang='lat' dir='ltr'>non</span> <span class='ocrx_word' id='word_1_150' title='bbox 571 1910 820 1978; x_wconf 89' lang='lat' dir='ltr'>ancipitis</span> <span class='ocrx_word' id='word_1_151' title='bbox 859 1915 1067 1981; x_wconf 88' lang='lat' dir='ltr'>pugnat</span> <span class='ocrx_word' id='word_1_152' title='bbox 1108 1912 1376 1965; x_wconf 86' lang='lat' dir='ltr'>sententia</span> <span class='ocrx_word' id='word_1_153' title='bbox 1414 1913 1566 1983; x_wconf 84' lang='lat' dir='ltr'>vulgi</span> <span class='ocrx_word' id='word_1_154' title='bbox 1802 1928 1886 1968; x_wconf 89' lang='grc'>580</span> 
     </span>
     <span class='ocr_line' id='line_1_25' title="bbox 202 1981 1570 2051; baseline 0.004 -16"><span class='ocrx_word' id='word_1_155' title='bbox 202 1981 596 2051; x_wconf 90' lang='lat' dir='ltr'>Discordesque</span> <span class='ocrx_word' id='word_1_156' title='bbox 637 1985 769 2037; x_wconf 90' lang='lat' dir='ltr'>serit</span> <span class='ocrx_word' id='word_1_157' title='bbox 807 1988 1010 2038; x_wconf 89' lang='lat' dir='ltr'>motus:</span> <span class='ocrx_word' id='word_1_158' title='bbox 1052 1986 1110 2038; x_wconf 91' lang='lat' dir='ltr'>hi</span> <span class='ocrx_word' id='word_1_159' title='bbox 1149 1986 1371 2039; x_wconf 89' lang='lat' dir='ltr'>reddere</span> <span class='ocrx_word' id='word_1_160' title='bbox 1410 1987 1570 2040; x_wconf 87' lang='lat' dir='ltr'>fratri</span> 
     </span>
     <span class='ocr_line' id='line_1_26' title="bbox 199 2054 1847 2133; baseline 0.003 -23"><span class='ocrx_word' id='word_1_161' title='bbox 199 2054 339 2127; x_wconf 82' lang='lat' dir='ltr'>(Nec</span> <span class='ocrx_word' id='word_1_162' title='bbox 378 2061 646 2126; x_wconf 81' lang='lat' dir='ltr'>mussant,</span> <span class='ocrx_word' id='word_1_163' title='bbox 687 2058 780 2111; x_wconf 87' lang='lat' dir='ltr'>sed</span> <span class='ocrx_word' id='word_1_164' title='bbox 818 2077 950 2113; x_wconf 86' lang='lat' dir='ltr'>voce</span> <span class='ocrx_word' id='word_1_165' title='bbox 988 2061 1171 2128; x_wconf 88' lang='lat' dir='ltr'>palam</span> <span class='ocrx_word' id='word_1_166' title='bbox 1211 2061 1462 2130; x_wconf 91' lang='lat' dir='ltr'>claroque</span> <span class='ocrx_word' id='word_1_167' title='bbox 1501 2060 1783 2133; x_wconf 82' lang='lat' dir='ltr'>tumultu),</span> <span class='ocrx_word' id='word_1_168' title='bbox 1845 2088 1847 2090; x_wconf 90' lang='lat'>·</span> 
     </span>
     <span class='ocr_line' id='line_1_27' title="bbox 195 2130 1625 2206; baseline 0.004 -24"><span class='ocrx_word' id='word_1_169' title='bbox 195 2130 438 2183; x_wconf 86' lang='lat' dir='ltr'>Reddere</span> <span class='ocrx_word' id='word_1_170' title='bbox 478 2149 646 2201; x_wconf 88' lang='lat' dir='ltr'>regna</span> <span class='ocrx_word' id='word_1_171' title='bbox 684 2133 898 2203; x_wconf 81' lang='lat' dir='ltr'>iubent3</span> <span class='ocrx_word' id='word_1_172' title='bbox 939 2134 1102 2202; x_wconf 88' lang='lat' dir='ltr'>periit</span> <span class='ocrx_word' id='word_1_173' title='bbox 1140 2136 1442 2188; x_wconf 84' lang='lat' dir='ltr'>reverentia</span> <span class='ocrx_word' id='word_1_174' title='bbox 1480 2136 1625 2206; x_wconf 90' lang='lat' dir='ltr'>regis</span> 
     </span>
     <span class='ocr_line' id='line_1_28' title="bbox 197 2202 1943 2278; baseline 0.004 -22"><span class='ocrx_word' id='word_1_175' title='bbox 197 2202 480 2258; x_wconf 78' lang='lat' dir='ltr'>Sollicitis:</span> <span class='ocrx_word' id='word_1_176' title='bbox 524 2205 751 2258; x_wconf 71' lang='lat' dir='ltr'>‘Veniat</span> <span class='ocrx_word' id='word_1_177' title='bbox 790 2210 1114 2277; x_wconf 90' lang='lat' dir='ltr'>pactumque</span> <span class='ocrx_word' id='word_1_178' title='bbox 1153 2208 1241 2261; x_wconf 89' lang='lat' dir='ltr'>hic</span> <span class='ocrx_word' id='word_1_179' title='bbox 1281 2213 1557 2278; x_wconf 89' lang='lat' dir='ltr'>computet</span> <span class='ocrx_word' id='word_1_180' title='bbox 1597 2228 1816 2275; x_wconf 88' lang='lat' dir='ltr'>annum,</span> <span class='ocrx_word' id='word_1_181' title='bbox 1942 2250 1943 2254; x_wconf 65' lang='lat'>,</span> 
     </span>
     <span class='ocr_line' id='line_1_29' title="bbox 197 2276 1941 2351; baseline 0.005 -21"><span class='ocrx_word' id='word_1_182' title='bbox 197 2276 567 2348; x_wconf 81' lang='lat' dir='ltr'>Cadmeosque</span> <span class='ocrx_word' id='word_1_183' title='bbox 608 2280 750 2334; x_wconf 89' lang='lat' dir='ltr'>lares</span> <span class='ocrx_word' id='word_1_184' title='bbox 791 2282 912 2334; x_wconf 87' lang='lat' dir='ltr'>exul</span> <span class='ocrx_word' id='word_1_185' title='bbox 952 2282 1264 2351; x_wconf 88' lang='lat' dir='ltr'>patriasque</span> <span class='ocrx_word' id='word_1_186' title='bbox 1305 2284 1505 2336; x_wconf 89' lang='lat' dir='ltr'>salutet</span> <span class='ocrx_word' id='word_1_187' title='bbox 1800 2298 1885 2338; x_wconf 83' lang='grc'>585</span> <span class='ocrx_word' id='word_1_188' title='bbox 1935 2282 1941 2349; x_wconf 62' lang='grc' dir='ltr'>ζ’</span> 
     </span>
     <span class='ocr_line' id='line_1_30' title="bbox 196 2351 1620 2426; baseline 0.005 -23"><span class='ocrx_word' id='word_1_189' title='bbox 196 2351 391 2405; x_wconf 81' lang='lat' dir='ltr'>Infelix</span> <span class='ocrx_word' id='word_1_190' title='bbox 430 2354 706 2422; x_wconf 78' lang='lat' dir='ltr'>tenebras3</span> <span class='ocrx_word' id='word_1_191' title='bbox 749 2372 842 2407; x_wconf 92' lang='lat' dir='ltr'>cur</span> <span class='ocrx_word' id='word_1_192' title='bbox 882 2358 1062 2408; x_wconf 89' lang='lat' dir='ltr'>autem</span> <span class='ocrx_word' id='word_1_193' title='bbox 1104 2356 1363 2426; x_wconf 91' lang='lat' dir='ltr'>sanguine</span> <span class='ocrx_word' id='word_1_194' title='bbox 1402 2357 1620 2411; x_wconf 84' lang='lat' dir='ltr'>fraudes</span> 
     </span>
     <span class='ocr_line' id='line_1_31' title="bbox 197 2425 1491 2498; baseline 0.006 -22"><span class='ocrx_word' id='word_1_195' title='bbox 197 2425 273 2477; x_wconf 86' lang='lat' dir='ltr'>Et</span> <span class='ocrx_word' id='word_1_196' title='bbox 310 2427 527 2494; x_wconf 88' lang='lat' dir='ltr'>periura</span> <span class='ocrx_word' id='word_1_197' title='bbox 566 2428 711 2480; x_wconf 90' lang='lat' dir='ltr'>luam</span> <span class='ocrx_word' id='word_1_198' title='bbox 751 2429 949 2498; x_wconf 89' lang='lat' dir='ltr'>regalis</span> <span class='ocrx_word' id='word_1_199' title='bbox 991 2430 1218 2483; x_wconf 89' lang='lat' dir='ltr'>crimina</span> <span class='ocrx_word' id='word_1_200' title='bbox 1253 2430 1491 2484; x_wconf 75' lang='lat' dir='ltr'>noxaeP&#39;</span> 
     </span>
    </p>
   </div>
   <div class='ocr_carea' id='block_1_3' title="bbox 196 2538 519 2544">
    <p class='ocr_par' dir='ltr' id='par_1_4' title="bbox 196 2538 519 2544">
     <span class='ocr_line' id='line_1_32' title="bbox 196 2538 519 2544; baseline 0 0"><span class='ocrx_word' id='word_1_201' title='bbox 196 2538 519 2544; x_wconf 95' lang='lat' dir='ltr'> </span> 
     </span>
    </p>
   </div>
   <div class='ocr_carea' id='block_1_4' title="bbox 195 2586 1914 2943">
    <p class='ocr_par' dir='ltr' id='par_1_5' title="bbox 195 2586 1914 2943">
     <span class='ocr_line' id='line_1_33' title="bbox 317 2586 1914 2653; baseline 0.003 -23"><span class='ocrx_word' id='word_1_202' title='bbox 317 2590 404 2630; x_wconf 88' lang='grc'>563</span> <span class='ocrx_word' id='word_1_203' title='bbox 436 2586 678 2643; x_wconf 90' lang='lat' dir='ltr'>replorant</span> <span class='ocrx_word' id='word_1_204' title='bbox 704 2593 737 2630; x_wconf 99' lang='lat' dir='ltr'>P</span> <span class='ocrx_word' id='word_1_205' title='bbox 767 2587 1010 2645; x_wconf 87' lang='lat' dir='ltr'>replerunt</span> <span class='ocrx_word' id='word_1_206' title='bbox 1032 2589 1142 2636; x_wconf 77' lang='lat' dir='ltr'>Beh.</span> <span class='ocrx_word' id='word_1_207' title='bbox 1168 2592 1183 2646; x_wconf 83' lang='grc' dir='ltr'>ΙΙ</span> <span class='ocrx_word' id='word_1_208' title='bbox 1208 2595 1293 2634; x_wconf 87' lang='grc'>569</span> <span class='ocrx_word' id='word_1_209' title='bbox 1324 2591 1580 2636; x_wconf 86' lang='lat' dir='ltr'>trementes</span> <span class='ocrx_word' id='word_1_210' title='bbox 1603 2597 1636 2634; x_wconf 91' lang='lat' dir='ltr'>P</span> <span class='ocrx_word' id='word_1_211' title='bbox 1667 2591 1883 2636; x_wconf 88' lang='lat' dir='ltr'>timentes</span> <span class='ocrx_word' id='word_1_212' title='bbox 1911 2648 1914 2653; x_wconf 88' lang='lat'>.</span> 
     </span>
     <span class='ocr_line' id='line_1_34' title="bbox 197 2644 1883 2706; baseline 0.006 -20"><span class='ocrx_word' id='word_1_213' title='bbox 197 2644 350 2687; x_wconf 77' lang='lat' dir='ltr'><strong>BMG²</strong></span> <span class='ocrx_word' id='word_1_214' title='bbox 384 2647 461 2702; x_wconf 81' lang='lat' dir='ltr'>(al.</span> <span class='ocrx_word' id='word_1_215' title='bbox 495 2661 551 2690; x_wconf 83' lang='lat' dir='ltr'>m.</span> <span class='ocrx_word' id='word_1_216' title='bbox 584 2661 811 2703; x_wconf 75' lang='lat' dir='ltr'>suprascr.</span> <span class='ocrx_word' id='word_1_217' title='bbox 840 2650 1105 2706; x_wconf 78' lang='lat' dir='ltr'>sequentes)</span> <span class='ocrx_word' id='word_1_218' title='bbox 1140 2648 1352 2694; x_wconf 82' lang='lat' dir='ltr'>videntes</span> <span class='ocrx_word' id='word_1_219' title='bbox 1384 2651 1512 2695; x_wconf 78' lang='lat' dir='ltr'>Leid.</span> <span class='ocrx_word' id='word_1_220' title='bbox 1546 2652 1732 2695; x_wconf 86' lang='lat' dir='ltr'>tuentes</span> <span class='ocrx_word' id='word_1_221' title='bbox 1762 2653 1883 2695; x_wconf 80' lang='lat' dir='ltr'>Bar-</span> 
     </span>
     <span class='ocr_line' id='line_1_35' title="bbox 195 2705 1883 2763; baseline 0.004 -16"><span class='ocrx_word' id='word_1_222' title='bbox 195 2705 318 2748; x_wconf 81' lang='lat' dir='ltr'>thius</span> <span class='ocrx_word' id='word_1_223' title='bbox 341 2706 355 2760; x_wconf 90' lang='grc' dir='ltr'>ΙΙ</span> <span class='ocrx_word' id='word_1_224' title='bbox 381 2710 464 2749; x_wconf 83' lang='lat'>577</span> <span class='ocrx_word' id='word_1_225' title='bbox 497 2705 660 2750; x_wconf 87' lang='lat' dir='ltr'>volent</span> <span class='ocrx_word' id='word_1_226' title='bbox 690 2711 722 2748; x_wconf 92' lang='lat' dir='ltr'>P</span> <span class='ocrx_word' id='word_1_227' title='bbox 745 2708 760 2763; x_wconf 82' lang='grc' dir='ltr'>ΙΙ</span> <span class='ocrx_word' id='word_1_228' title='bbox 785 2710 867 2751; x_wconf 89' lang='grc'>581</span> <span class='ocrx_word' id='word_1_229' title='bbox 902 2706 1096 2751; x_wconf 79' lang='lat' dir='ltr'>ftatrem</span> <span class='ocrx_word' id='word_1_230' title='bbox 1128 2710 1253 2753; x_wconf 81' lang='lat' dir='ltr'>codd.</span> <span class='ocrx_word' id='word_1_231' title='bbox 1286 2711 1384 2754; x_wconf 84' lang='lat' dir='ltr'>edd.</span> <span class='ocrx_word' id='word_1_232' title='bbox 1417 2709 1554 2753; x_wconf 77' lang='lat' dir='ltr'>fiatri</span> <span class='ocrx_word' id='word_1_233' title='bbox 1585 2724 1698 2755; x_wconf 78' lang='lat' dir='ltr'>corr.</span> <span class='ocrx_word' id='word_1_234' title='bbox 1737 2710 1883 2756; x_wconf 79' lang='lat' dir='ltr'>Sand-</span> 
     </span>
     <span class='ocr_line' id='line_1_36' title="bbox 195 2765 1881 2825; baseline 0.003 -19"><span class='ocrx_word' id='word_1_235' title='bbox 195 2765 432 2808; x_wconf 35' lang='lat' dir='ltr'>st&#39;roemius</span> <span class='ocrx_word' id='word_1_236' title='bbox 454 2765 470 2819; x_wconf 81' lang='grc' dir='ltr'>ΙΙ</span> <span class='ocrx_word' id='word_1_237' title='bbox 495 2769 579 2809; x_wconf 82' lang='lat'>582</span> <span class='ocrx_word' id='word_1_238' title='bbox 613 2766 1031 2823; x_wconf 75' lang='lat' dir='ltr'>Interpwnctionem</span> <span class='ocrx_word' id='word_1_239' title='bbox 1056 2769 1233 2812; x_wconf 78' lang='lat' dir='ltr'>correxi</span> <span class='ocrx_word' id='word_1_240' title='bbox 1258 2769 1265 2823; x_wconf 91' lang='grc' dir='ltr'>Ι</span> <span class='ocrx_word' id='word_1_241' title='bbox 1293 2768 1510 2825; x_wconf 88' lang='lat' dir='ltr'>claraque</span> <span class='ocrx_word' id='word_1_242' title='bbox 1534 2774 1567 2812; x_wconf 89' lang='lat' dir='ltr'>P</span> <span class='ocrx_word' id='word_1_243' title='bbox 1590 2772 1605 2825; x_wconf 75' lang='lat' dir='ltr'>[l</span> <span class='ocrx_word' id='word_1_244' title='bbox 1629 2775 1716 2815; x_wconf 85' lang='lat'>584</span> <span class='ocrx_word' id='word_1_245' title='bbox 1748 2766 1881 2812; x_wconf 86' lang='lat' dir='ltr'>Solli-</span> 
     </span>
     <span class='ocr_line' id='line_1_37' title="bbox 196 2820 1883 2884; baseline 0.004 -20"><span class='ocrx_word' id='word_1_246' title='bbox 196 2820 279 2865; x_wconf 88' lang='lat' dir='ltr'>citi</span> <span class='ocrx_word' id='word_1_247' title='bbox 311 2827 343 2864; x_wconf 93' lang='lat' dir='ltr'>P</span> <span class='ocrx_word' id='word_1_248' title='bbox 381 2825 396 2879; x_wconf 83' lang='grc' dir='ltr'>ΙΙ</span> <span class='ocrx_word' id='word_1_249' title='bbox 435 2827 520 2867; x_wconf 89' lang='grc'>586</span> <span class='ocrx_word' id='word_1_250' title='bbox 561 2826 718 2869; x_wconf 87' lang='lat' dir='ltr'>autem</span> <span class='ocrx_word' id='word_1_251' title='bbox 757 2824 984 2882; x_wconf 85' lang='lat' dir='ltr'>sanguine</span> <span class='ocrx_word' id='word_1_252' title='bbox 1022 2831 1055 2868; x_wconf 93' lang='lat' dir='ltr'>P</span> <span class='ocrx_word' id='word_1_253' title='bbox 1094 2828 1252 2870; x_wconf 86' lang='lat' dir='ltr'>autem</span> <span class='ocrx_word' id='word_1_254' title='bbox 1291 2841 1378 2884; x_wconf 85' lang='lat' dir='ltr'>ego</span> <span class='ocrx_word' id='word_1_255' title='bbox 1419 2827 1647 2884; x_wconf 86' lang='lat' dir='ltr'>sanguine</span> <span class='ocrx_word' id='word_1_256' title='bbox 1677 2832 1765 2871; x_wconf 77' lang='grc' dir='ltr'>ΒΜ</span> <span class='ocrx_word' id='word_1_257' title='bbox 1802 2827 1883 2871; x_wconf 87' lang='lat' dir='ltr'>aut</span> 
     </span>
     <span class='ocr_line' id='line_1_38' title="bbox 201 2883 1737 2943; baseline 0.007 -21"><span class='ocrx_word' id='word_1_258' title='bbox 201 2893 288 2936; x_wconf 87' lang='lat' dir='ltr'>ego</span> <span class='ocrx_word' id='word_1_259' title='bbox 322 2897 384 2936; x_wconf 83' lang='lat' dir='ltr'>cg</span> <span class='ocrx_word' id='word_1_260' title='bbox 415 2883 546 2928; x_wconf 75' lang='lat' dir='ltr'>Leid.</span> <span class='ocrx_word' id='word_1_261' title='bbox 580 2885 678 2928; x_wconf 80' lang='lat' dir='ltr'>edd.</span> <span class='ocrx_word' id='word_1_262' title='bbox 712 2890 811 2930; x_wconf 79' lang='lat' dir='ltr'>vett.</span> <span class='ocrx_word' id='word_1_263' title='bbox 846 2899 939 2940; x_wconf 87' lang='lat' dir='ltr'>cur,</span> <span class='ocrx_word' id='word_1_264' title='bbox 975 2899 1015 2942; x_wconf 86' lang='lat' dir='ltr'>a,</span> <span class='ocrx_word' id='word_1_265' title='bbox 1049 2899 1137 2942; x_wconf 86' lang='lat' dir='ltr'>ego</span> <span class='ocrx_word' id='word_1_266' title='bbox 1172 2888 1398 2943; x_wconf 85' lang='lat' dir='ltr'>sanguine</span> <span class='ocrx_word' id='word_1_267' title='bbox 1429 2887 1737 2932; x_wconf 76' lang='lat' dir='ltr'>Baehrensius</span> 
     </span>
    </p>
   </div>
   <div class='ocr_carea' id='block_1_5' title="bbox 1959 0 1976 3126">
    <p class='ocr_par' dir='ltr' id='par_1_6' title="bbox 1959 0 1976 3126">
     <span class='ocr_line' id='line_1_39' title="bbox 1959 0 1976 3126; baseline 0 0"><span class='ocrx_word' id='word_1_268' title='bbox 1959 0 1976 3126; x_wconf 95' lang='lat' dir='ltr'> </span> 
     </span>
    </p>
   </div>
  </div>
 </body>
</html>
