1988 3106
164 106 267 159 136
762 106 811 150 P.
844 105 1075 150 PAPINII
1105 104 1306 155 STATII

158 225 318 279 Illum
358 244 544 279 omnes
585 227 783 278 acuunt
819 225 1053 292 ΡΙ6113113,
1091 224 1242 277 11111111
1279 224 1394 293 ipse
1433 225 1705 278 uolantem
1865 238 1919 279 25

160 299 343 352 Puluis
385 302 438 351 et
475 300 728 351 incuruae
768 297 1004 368 gaudent
1042 314 1330 367 agnoscere
1369 301 1566 350 metae:

162 371 247 426 Sic
285 376 355 441 te,
396 373 534 425 clare
572 389 719 440 puer,
758 371 999 440 genitum
1039 370 1142 423 sibi
1179 371 1327 424 curia
1367 372 1547 440 sensit,

159 445 443 515 Primaque
482 445 710 513 patricia
749 444 940 496 clausit
975 444 1204 513 uestigia
1241 449 1382 496 luna.

161 519 289 573 Mox
327 519 520 587 Tyrios
561 536 625 571 ex
663 535 810 570 more
851 517 996 569 sinus
1033 517 1376 586 tunicamque
1414 519 1691 586 potentem

160 594 448 662 Agnouere
487 591 708 643 humeri.
786 589 878 642 sed
916 591 1055 643 enim
1092 590 1194 643 tibi
1232 607 1431 660 magna
1467 591 1696 659 parabat
1867 605 1950 646 30»

160 666 247 717 Ad
284 666 472 718 titulos
513 665 755 732 exempla
793 666 962 732 pater.
1040 664 1236 733 quippe
1274 664 1364 716 ille
1401 665 1673 717 iuuentam

161 739 413 791 Protinus
451 737 758 807 ingrediens
797 737 1165 805 pharetratum
1202 737 1406 789 inuasit
1442 737 1658 791 Araxen

161 812 397 881 Belliger
433 812 823 881 indocilemque
861 811 976 864 fero
1017 810 1214 863 seruire
1251 808 1454 863 Neroni

160 885 486 937 Armeniam.
562 884 722 954 rigidi
762 902 1024 936 summam
1063 883 1324 936 Mauortis
1366 884 1562 954 agebat

163 957 419 1027 Corbulo;
461 958 553 1011 sed
592 958 839 1010 comitem
878 957 1007 1010 belli
1039 957 1345 1026 sociumque
1383 958 1630 1011 laborum
1868 972 1947 1013 35÷

161 1032 261 1084 Ille
302 1050 512 1101 quoque
552 1031 783 1100 egregiis
821 1031 1049 1083 multum
1089 1030 1312 1083 miratus
1349 1031 1407 1082 in
1447 1032 1607 1084 armis

161 1105 447 1173 Bolanum3
488 1108 645 1173 atque
683 1105 762 1156 illi
801 1122 1046 1156 curarum
1087 1104 1379 1172 asperrima
1419 1107 1599 1158 suetus

163 1177 387 1232 Credere
425 1179 718 1247 partirique
757 1181 947 1246 metus,
986 1177 1127 1246 quod
1163 1180 1375 1245 tempus
1407 1179 1638 1230 amicum

161 1252 475 1319 Fraudibus,
516 1255 694 1303 exerto
736 1268 997 1319 quaenam
1036 1250 1179 1303 bona
1214 1253 1460 1319 tempora
1496 1251 1638 1307 bello
1646 1294 1660 1321 ‚
1943 1303 1947 1309 ,

163 1326 309 1388 Quae
349 1328 595 1394 suspecta
632 1325 763 1377 fides
804 1326 897 1376 aut
935 1342 1069 1392 quae
1103 1323 1233 1393 fuga
1268 1341 1396 1376 uera
1434 1323 1624 1378 ferocis
1868 1339 1924 1380 4ο
1950 1359 1959 1366 —·

162 1399 420 1451 Armenii.
495 1397 876 1450 Bolanus-iter
913 1414 1201 1466 praenosse
1239 1397 1550 1466 timendum,

162 1472 403 1524 Bolanus
441 1471 574 1523 tutis
612 1472 740 1540 iuga
778 1488 1028 1540 quaerere
1069 1470 1348 1523 commoda
1386 1471 1591 1539 castris,

161 1544 355 1597 Metari
394 1544 632 1597 Bolanus
673 1561 846 1614 agros,
886 1544 1091 1612 aperire
1129 1543 1394 1612 malignas

164 1619 486 1671 Torrentum
525 1635 906 1685 nemorumque
944 1634 1122 1670 moras
1160 1619 1476 1686 tantamque
1514 1600 1732 1671 uerendi
1986 1661 1988 1688 ᾗ

163 1692 400 1744 Mentem
439 1691 661 1759 implere
701 1690 847 1743 ducis
887 1690 1149 1773 iussisque
1187 1690 1494 1758 ingentibus
1533 1710 1669 1744 unus
1868 1706 1923 1746 45
1987 1696 1988 1726 ³

164 1764 427 1818 Sufficere.
502 1764 621 1832 ipsa
650 1763 826 1816 uirum
863 1767 1024 1816 norat
1061 1764 1169 1815 iam
1208 1763 1439 1816 barbara
1475 1764 1649 1833 1611113,

161 1838 258 1891 1116
300 1837 559 1890 secundus
600 1855 733 1905 apex
772 1837 1031 1889 bellorum
1072 1840 1125 1888 61
1161 1837 1404 1904 proxima
1443 1839 1622 1890 cassis,

165 1910 251 1965 Sic
289 1910 533 1980 Phryges
573 1911 806 1979 attoniti,
845 1927 1168 1979 quamquam
1206 1907 1476 1963 Nemeaea
1513 1911 1755 1964 uiderent

162 1985 331 2037 Arma
369 1983 769 2053 Cleonaeusque
809 1984 948 2036 acies
986 1983 1285 2051 impelleret
1324 2001 1477 2036 arcus

162 2057 445 2127 Pugnante
483 2056 685 2126 Alcide,
706 2059 908 2109 ‘tamen
946 2059 999 2109 et
1036 2056 1330 2109 Telamona
1367 2056 1644 2110 timebant.
1868 2072 1923 2112 50
1952 2088 1953 2094 =

162 2130 338 2200 Disce,
376 2147 530 2199 puer3
569 2148 666 2183 nec
705 2131 846 2182 enim
885 2133 1102 2182 externo
1142 2131 1406 2182 monitore
1443 2131 1702 2199 petendus

163 2204 393 2257 Uirtutis
433 2203 533 2256 tibi
570 2204 792 2272 pulcher
831 2209 1002 2256 amor:
1043 2206 1275 2272 cognata
1305 2203 1575 2256 ministret

162 2277 303 2330 Laus
344 2277 567 2330 animos,
643 2277 760 2329 aliis
800 2275 951 2329 Decii
987 2276 1309 2345 reducesque
1349 2274 1562 2329 Camilli

162 2350 553 2403 Monstrentur:
592 2353 653 2402 tu
693 2350 834 2403 disce
872 2352 1095 2418 patrem,
1134 2352 1469 2419 quantusque
1507 2351 1808 2419 nigrantem

282 2558 335 2598 27
376 2551 464 2597 sibi
502 2556 539 2595 A
579 2556 626 2595 c:
665 2559 713 2595 16
754 2554 783 2594 ς
828 2552 844 2607 ΙΙ
888 2556 944 2595 32
977 2564 1147 2595 araxen
1178 2556 1228 2595 c.
1267 2563 1454 2596 araxem
1486 2555 1515 2596 ς
1548 2566 1575 2594 a
1619 2553 1635 2608 ΙΙ
1679 2556 1734 2595 39
1767 2553 1922 2596 exerto
1954 2595 1965 2602 ,,

163 2611 429 2656 Liuineius.-
460 2612 616 2655 exorto
648 2613 685 2652 A
717 2614 745 2651 c
769 2611 784 2666 ΙΙ
807 2614 863 2653 40
897 2611 1109 2667 suspecta
1142 2610 1430 2654 Politianus:
1467 2612 1680 2667 suscepta
1708 2613 1746 2652 A
1778 2612 1922 2666 01143

162 2669 330 2715 Metari
359 2670 618 2715 Auantius:
649 2668 804 2713 Metiri
834 2672 871 2710 A
903 2673 931 2710 c
954 2670 970 2724 ΙΙ
992 2673 1049 2712 44
1080 2668 1357 2713 Torrentum
1381 2668 1625 2713 Heinsius:
1657 2668 1748 2712 Tot
1771 2682 1923 2712 rerum
1964 2675 1981 2712 -⁴-

164 2733 192 2771 c
224 2744 251 2771 a
283 2730 375 2773 Tot
403 2742 596 2785 ueprum
628 2728 888 2783 1307161148
920 2740 1081 2771 nemea
1111 2726 1174 2769 A*
1206 2731 1247 2782 c,
1281 2739 1393 2772 corr.
1428 2731 1484 2781 ‘33
1515 2727 1724 2771 lernaea
1750 2727 1921 2771 Markl.
1963 2721 1981 2750 ³

164 2786 174 2845 Ι
206 2789 431 2844 pauerent
461 2786 682 2831 Heinsius
704 2788 719 2842 u
744 2790 799 2830 54
830 2785 1091 2842 nigrantem
1122 2786 1379 2829 Auomtius:
1411 2788 1658 2843 negantem
1691 2789 1719 2827 c
1751 2800 1778 2828 a.
1967 2806 1971 2810 ·
