<?xml version="1.0" encoding="UTF-8"?>
<!DOCTYPE html PUBLIC "-//W3C//DTD XHTML 1.0 Transitional//EN"
    "http://www.w3.org/TR/xhtml1/DTD/xhtml1-transitional.dtd">
<html xmlns="http://www.w3.org/1999/xhtml" xml:lang="en" lang="en">
 <head>
  <title>
</title>
<meta http-equiv="Content-Type" content="text/html;charset=utf-8" />
  <meta name='ocr-system' content='tesseract 3.04.00' />
  <meta name='ocr-capabilities' content='ocr_page ocr_carea ocr_par ocr_line ocrx_word'/>
</head>
<body>
  <div class='ocr_page' id='page_1' title='image "./operapapinius12statuoft_0088.png"; bbox 0 0 1988 3106; ppageno 0'>
   <div class='ocr_carea' id='block_1_1' title="bbox 162 110 231 162">
    <p class='ocr_par' dir='ltr' id='par_1_1' title="bbox 162 110 231 162">
     <span class='ocr_line' id='line_1_1' title="bbox 162 110 231 162; baseline -0.014 0"><span class='ocrx_word' id='word_1_1' title='bbox 162 110 231 162; x_wconf 81' lang='lat'>62</span> 
     </span>
    </p>
   </div>
   <div class='ocr_carea' id='block_1_2' title="bbox 777 111 1317 156">
    <p class='ocr_par' dir='ltr' id='par_1_2' title="bbox 777 111 1317 156">
     <span class='ocr_line' id='line_1_2' title="bbox 777 111 1317 156; baseline 0.004 -2"><span class='ocrx_word' id='word_1_2' title='bbox 777 111 828 155; x_wconf 93' lang='grc' dir='ltr'>Ρ.</span> <span class='ocrx_word' id='word_1_3' title='bbox 858 111 1086 156; x_wconf 86' lang='grc' dir='ltr'>ΡΑΡΙΝΙΙ</span> <span class='ocrx_word' id='word_1_4' title='bbox 1119 111 1317 156; x_wconf 88' lang='lat' dir='ltr'>STATII</span> 
     </span>
    </p>
   </div>
   <div class='ocr_carea' id='block_1_3' title="bbox 418 228 1628 2129">
    <p class='ocr_par' dir='ltr' id='par_1_3' title="bbox 423 228 1628 665">
     <span class='ocr_line' id='line_1_3' title="bbox 424 228 1543 300; baseline 0 -17"><span class='ocrx_word' id='word_1_5' title='bbox 424 228 550 283; x_wconf 91' lang='lat' dir='ltr'>Non</span> <span class='ocrx_word' id='word_1_6' title='bbox 587 234 647 282; x_wconf 88' lang='lat' dir='ltr'>tu</span> <span class='ocrx_word' id='word_1_7' title='bbox 684 230 905 286; x_wconf 88' lang='lat' dir='ltr'>fiumina</span> <span class='ocrx_word' id='word_1_8' title='bbox 941 248 1040 283; x_wconf 90' lang='lat' dir='ltr'>nec</span> <span class='ocrx_word' id='word_1_9' title='bbox 1079 247 1270 300; x_wconf 83' lang='lat' dir='ltr'>greges</span> <span class='ocrx_word' id='word_1_10' title='bbox 1307 230 1543 283; x_wconf 86' lang='lat' dir='ltr'>ferarum</span> 
     </span>
     <span class='ocr_line' id='line_1_4' title="bbox 423 302 1534 373; baseline 0.002 -18"><span class='ocrx_word' id='word_1_11' title='bbox 423 302 537 356; x_wconf 90' lang='lat' dir='ltr'>Nec</span> <span class='ocrx_word' id='word_1_12' title='bbox 575 304 780 372; x_wconf 90' lang='lat' dir='ltr'>plectro</span> <span class='ocrx_word' id='word_1_13' title='bbox 820 302 1033 355; x_wconf 84' lang='lat' dir='ltr'>Geticas</span> <span class='ocrx_word' id='word_1_14' title='bbox 1073 303 1315 356; x_wconf 89' lang='lat' dir='ltr'>mouebis</span> <span class='ocrx_word' id='word_1_15' title='bbox 1355 322 1534 373; x_wconf 82' lang='lat' dir='ltr'>ornOS,</span> 
     </span>
     <span class='ocr_line' id='line_1_5' title="bbox 426 375 1628 447; baseline 0.002 -19"><span class='ocrx_word' id='word_1_16' title='bbox 426 375 529 429; x_wconf 81' lang='lat' dir='ltr'>Sed</span> <span class='ocrx_word' id='word_1_17' title='bbox 568 379 772 445; x_wconf 89' lang='lat' dir='ltr'>septem</span> <span class='ocrx_word' id='word_1_18' title='bbox 809 377 936 445; x_wconf 86' lang='lat' dir='ltr'>iuga</span> <span class='ocrx_word' id='word_1_19' title='bbox 973 375 1329 446; x_wconf 73' lang='lat' dir='ltr'>Martiumque</span> <span class='ocrx_word' id='word_1_20' title='bbox 1367 377 1628 447; x_wconf 85' lang='lat' dir='ltr'><strong>Thybrim</strong></span> 
     </span>
     <span class='ocr_line' id='line_1_6' title="bbox 424 449 1379 519; baseline 0.001 -18"><span class='ocrx_word' id='word_1_21' title='bbox 424 449 499 501; x_wconf 86' lang='lat' dir='ltr'>Et</span> <span class='ocrx_word' id='word_1_22' title='bbox 536 449 723 503; x_wconf 88' lang='lat' dir='ltr'>doctos</span> <span class='ocrx_word' id='word_1_23' title='bbox 763 450 967 518; x_wconf 75' lang='lat' dir='ltr'><strong>equites</strong></span> <span class='ocrx_word' id='word_1_24' title='bbox 1007 453 1061 502; x_wconf 92' lang='lat' dir='ltr'>et</span> <span class='ocrx_word' id='word_1_25' title='bbox 1099 450 1379 519; x_wconf 73' lang='lat' dir='ltr'>eloquente</span> 
     </span>
     <span class='ocr_line' id='line_1_7' title="bbox 426 521 1485 592; baseline 0.003 -18"><span class='ocrx_word' id='word_1_26' title='bbox 426 521 602 575; x_wconf 84' lang='lat' dir='ltr'>Cantu</span> <span class='ocrx_word' id='word_1_27' title='bbox 637 540 964 592; x_wconf 90' lang='lat' dir='ltr'>purpureum</span> <span class='ocrx_word' id='word_1_28' title='bbox 1001 522 1183 575; x_wconf 88' lang='lat' dir='ltr'>trahes</span> <span class='ocrx_word' id='word_1_29' title='bbox 1223 526 1485 578; x_wconf 86' lang='lat' dir='ltr'>senatum.</span> 
     </span>
     <span class='ocr_line' id='line_1_8' title="bbox 423 594 1400 665; baseline 0.001 -17"><span class='ocrx_word' id='word_1_30' title='bbox 423 594 731 649; x_wconf 70' lang='lat' dir='ltr'>Nocturnas</span> <span class='ocrx_word' id='word_1_31' title='bbox 772 596 864 648; x_wconf 89' lang='lat' dir='ltr'>alii</span> <span class='ocrx_word' id='word_1_32' title='bbox 901 595 1179 665; x_wconf 84' lang='lat' dir='ltr'>Phrygum</span> <span class='ocrx_word' id='word_1_33' title='bbox 1216 596 1400 649; x_wconf 89' lang='lat' dir='ltr'>ruinas</span> 
     </span>
    </p>

    <p class='ocr_par' dir='ltr' id='par_1_4' title="bbox 424 667 1298 722">
     <span class='ocr_line' id='line_1_9' title="bbox 424 667 1298 722; baseline 0 -1"><span class='ocrx_word' id='word_1_34' title='bbox 424 668 498 721; x_wconf 88' lang='lat' dir='ltr'>Et</span> <span class='ocrx_word' id='word_1_35' title='bbox 534 670 686 722; x_wconf 86' lang='lat' dir='ltr'>tarde</span> <span class='ocrx_word' id='word_1_36' title='bbox 723 669 930 722; x_wconf 81' lang='lat' dir='ltr'>reducis</span> <span class='ocrx_word' id='word_1_37' title='bbox 968 669 1084 721; x_wconf 89' lang='lat' dir='ltr'>uias</span> <span class='ocrx_word' id='word_1_38' title='bbox 1122 667 1298 722; x_wconf 82' lang='lat' dir='ltr'><strong>Ulixis</strong></span> 
     </span>
    </p>

    <p class='ocr_par' dir='ltr' id='par_1_5' title="bbox 422 741 1475 884">
     <span class='ocr_line' id='line_1_10' title="bbox 422 741 1475 813; baseline 0.002 -19"><span class='ocrx_word' id='word_1_39' title='bbox 422 741 498 794; x_wconf 88' lang='lat' dir='ltr'>Et</span> <span class='ocrx_word' id='word_1_40' title='bbox 534 760 767 811; x_wconf 87' lang='lat' dir='ltr'>puppem</span> <span class='ocrx_word' id='word_1_41' title='bbox 804 742 1147 795; x_wconf 85' lang='lat' dir='ltr'>temerariam</span> <span class='ocrx_word' id='word_1_42' title='bbox 1183 741 1475 813; x_wconf 83' lang='lat' dir='ltr'>Mineruae,</span> 
     </span>
     <span class='ocr_line' id='line_1_11' title="bbox 424 815 1411 884; baseline 0.001 -17"><span class='ocrx_word' id='word_1_43' title='bbox 424 815 579 868; x_wconf 85' lang='lat' dir='ltr'>Trita</span> <span class='ocrx_word' id='word_1_44' title='bbox 615 816 830 868; x_wconf 90' lang='lat' dir='ltr'>uatibus</span> <span class='ocrx_word' id='word_1_45' title='bbox 872 815 1061 884; x_wconf 84' lang='lat' dir='ltr'>orbita,</span> <span class='ocrx_word' id='word_1_46' title='bbox 1101 818 1411 884; x_wconf 86' lang='lat' dir='ltr'>sequantur:</span> 
     </span>
    </p>

    <p class='ocr_par' dir='ltr' id='par_1_6' title="bbox 425 888 1457 1031">
     <span class='ocr_line' id='line_1_12' title="bbox 425 888 1457 958; baseline 0.002 -18"><span class='ocrx_word' id='word_1_47' title='bbox 425 889 506 940; x_wconf 87' lang='lat' dir='ltr'>Tu</span> <span class='ocrx_word' id='word_1_48' title='bbox 546 907 700 941; x_wconf 90' lang='lat' dir='ltr'>carus</span> <span class='ocrx_word' id='word_1_49' title='bbox 739 888 896 941; x_wconf 87' lang='lat' dir='ltr'>Latio</span> <span class='ocrx_word' id='word_1_50' title='bbox 936 906 1244 957; x_wconf 88' lang='lat' dir='ltr'>memorque</span> <span class='ocrx_word' id='word_1_51' title='bbox 1282 890 1457 958; x_wconf 87' lang='lat' dir='ltr'>gentis</span> 
     </span>
     <span class='ocr_line' id='line_1_13' title="bbox 425 960 1399 1031; baseline 0.001 -17"><span class='ocrx_word' id='word_1_52' title='bbox 425 960 653 1014; x_wconf 83' lang='lat' dir='ltr'>Carmen</span> <span class='ocrx_word' id='word_1_53' title='bbox 690 961 882 1014; x_wconf 88' lang='lat' dir='ltr'>fortior</span> <span class='ocrx_word' id='word_1_54' title='bbox 921 979 1099 1014; x_wconf 87' lang='lat' dir='ltr'>exeres</span> <span class='ocrx_word' id='word_1_55' title='bbox 1137 964 1399 1031; x_wconf 86' lang='lat' dir='ltr'>togatum.</span> 
     </span>
    </p>

    <p class='ocr_par' dir='ltr' id='par_1_7' title="bbox 420 1034 1553 1747">
     <span class='ocr_line' id='line_1_14' title="bbox 424 1034 1509 1103; baseline 0.001 -16"><span class='ocrx_word' id='word_1_56' title='bbox 424 1036 505 1087; x_wconf 91' lang='lat' dir='ltr'>Ac</span> <span class='ocrx_word' id='word_1_57' title='bbox 542 1036 774 1103; x_wconf 90' lang='lat' dir='ltr'>primum</span> <span class='ocrx_word' id='word_1_58' title='bbox 811 1036 1011 1087; x_wconf 88' lang='lat' dir='ltr'>teneris</span> <span class='ocrx_word' id='word_1_59' title='bbox 1050 1034 1221 1087; x_wconf 90' lang='lat' dir='ltr'>adhuc</span> <span class='ocrx_word' id='word_1_60' title='bbox 1259 1036 1317 1087; x_wconf 93' lang='lat' dir='ltr'>in</span> <span class='ocrx_word' id='word_1_61' title='bbox 1355 1037 1509 1089; x_wconf 89' lang='lat' dir='ltr'>annis</span> 
     </span>
     <span class='ocr_line' id='line_1_15' title="bbox 421 1108 1525 1176; baseline 0.002 -16"><span class='ocrx_word' id='word_1_62' title='bbox 421 1108 595 1160; x_wconf 91' lang='lat' dir='ltr'>Ludes</span> <span class='ocrx_word' id='word_1_63' title='bbox 634 1108 871 1161; x_wconf 87' lang='lat' dir='ltr'>Hectora</span> <span class='ocrx_word' id='word_1_64' title='bbox 910 1108 1301 1176; x_wconf 86' lang='lat' dir='ltr'>Thessalosque</span> <span class='ocrx_word' id='word_1_65' title='bbox 1340 1126 1525 1162; x_wconf 90' lang='lat' dir='ltr'>currus</span> 
     </span>
     <span class='ocr_line' id='line_1_16' title="bbox 423 1180 1517 1251; baseline 0.001 -17"><span class='ocrx_word' id='word_1_66' title='bbox 423 1182 498 1234; x_wconf 88' lang='lat' dir='ltr'>Et</span> <span class='ocrx_word' id='word_1_67' title='bbox 537 1182 759 1250; x_wconf 87' lang='lat' dir='ltr'>supplex</span> <span class='ocrx_word' id='word_1_68' title='bbox 796 1180 1000 1234; x_wconf 88' lang='lat' dir='ltr'>Priami</span> <span class='ocrx_word' id='word_1_69' title='bbox 1035 1182 1273 1249; x_wconf 90' lang='lat' dir='ltr'>potentis</span> <span class='ocrx_word' id='word_1_70' title='bbox 1314 1199 1517 1251; x_wconf 82' lang='lat' dir='ltr'>auru-m,</span> 
     </span>
     <span class='ocr_line' id='line_1_17' title="bbox 422 1254 1320 1308; baseline -0.001 -1"><span class='ocrx_word' id='word_1_71' title='bbox 422 1255 496 1308; x_wconf 84' lang='lat' dir='ltr'>Et</span> <span class='ocrx_word' id='word_1_72' title='bbox 534 1255 684 1307; x_wconf 92' lang='lat' dir='ltr'>sedes</span> <span class='ocrx_word' id='word_1_73' title='bbox 726 1254 989 1307; x_wconf 88' lang='lat' dir='ltr'>reserabis</span> <span class='ocrx_word' id='word_1_74' title='bbox 1027 1254 1320 1307; x_wconf 89' lang='lat' dir='ltr'>inferorum</span> 
     </span>
     <span class='ocr_line' id='line_1_18' title="bbox 423 1326 1484 1398; baseline 0.001 -19"><span class='ocrx_word' id='word_1_75' title='bbox 423 1327 697 1398; x_wconf 86' lang='lat' dir='ltr'>(Ingratus</span> <span class='ocrx_word' id='word_1_76' title='bbox 735 1326 938 1397; x_wconf 73' lang='lat' dir='ltr'>Nerol)</span> <span class='ocrx_word' id='word_1_77' title='bbox 977 1327 1220 1380; x_wconf 87' lang='lat' dir='ltr'>dulcibus</span> <span class='ocrx_word' id='word_1_78' title='bbox 1258 1327 1484 1381; x_wconf 88' lang='lat' dir='ltr'>theatris</span> 
     </span>
     <span class='ocr_line' id='line_1_19' title="bbox 421 1400 1492 1470; baseline 0.001 -17"><span class='ocrx_word' id='word_1_79' title='bbox 421 1401 496 1453; x_wconf 86' lang='lat' dir='ltr'>Et</span> <span class='ocrx_word' id='word_1_80' title='bbox 532 1405 718 1454; x_wconf 88' lang='lat' dir='ltr'>noster</span> <span class='ocrx_word' id='word_1_81' title='bbox 754 1400 856 1452; x_wconf 87' lang='lat' dir='ltr'>tibi</span> <span class='ocrx_word' id='word_1_82' title='bbox 894 1401 1196 1468; x_wconf 89' lang='lat' dir='ltr'>proferetur</span> <span class='ocrx_word' id='word_1_83' title='bbox 1234 1400 1492 1470; x_wconf 73' lang='lat' dir='ltr'>Orpheus,</span> 
     </span>
     <span class='ocr_line' id='line_1_20' title="bbox 420 1472 1422 1543; baseline 0 -17"><span class='ocrx_word' id='word_1_84' title='bbox 420 1473 581 1526; x_wconf 89' lang='lat' dir='ltr'>Dices</span> <span class='ocrx_word' id='word_1_85' title='bbox 621 1473 940 1526; x_wconf 89' lang='lat' dir='ltr'>culminibus</span> <span class='ocrx_word' id='word_1_86' title='bbox 979 1472 1136 1526; x_wconf 87' lang='lat' dir='ltr'>Remi</span> <span class='ocrx_word' id='word_1_87' title='bbox 1173 1475 1422 1543; x_wconf 86' lang='lat' dir='ltr'>uagantis</span> 
     </span>
     <span class='ocr_line' id='line_1_21' title="bbox 420 1546 1497 1616; baseline 0 -17"><span class='ocrx_word' id='word_1_88' title='bbox 420 1547 677 1599; x_wconf 85' lang='lat' dir='ltr'>Infandos</span> <span class='ocrx_word' id='word_1_89' title='bbox 716 1546 918 1599; x_wconf 88' lang='lat' dir='ltr'>domini</span> <span class='ocrx_word' id='word_1_90' title='bbox 956 1547 1202 1600; x_wconf 87' lang='lat' dir='ltr'>nocentis</span> <span class='ocrx_word' id='word_1_91' title='bbox 1237 1547 1407 1616; x_wconf 82' lang='lat' dir='ltr'>ignes,</span> <span class='ocrx_word' id='word_1_92' title='bbox 1495 1569 1497 1571; x_wconf 93' lang='lat'>·</span> 
     </span>
     <span class='ocr_line' id='line_1_22' title="bbox 420 1619 1553 1690; baseline 0.002 -18"><span class='ocrx_word' id='word_1_93' title='bbox 420 1619 563 1672; x_wconf 92' lang='lat' dir='ltr'>Hinc</span> <span class='ocrx_word' id='word_1_94' title='bbox 602 1622 776 1673; x_wconf 86' lang='lat' dir='ltr'>castae</span> <span class='ocrx_word' id='word_1_95' title='bbox 812 1619 1030 1672; x_wconf 91' lang='lat' dir='ltr'>titulum</span> <span class='ocrx_word' id='word_1_96' title='bbox 1068 1620 1330 1690; x_wconf 91' lang='lat' dir='ltr'>decusque</span> <span class='ocrx_word' id='word_1_97' title='bbox 1369 1619 1553 1674; x_wconf 85' lang='lat' dir='ltr'>Pollae</span> 
     </span>
     <span class='ocr_line' id='line_1_23' title="bbox 420 1692 1236 1747; baseline -0.001 -1"><span class='ocrx_word' id='word_1_98' title='bbox 420 1693 660 1746; x_wconf 90' lang='lat' dir='ltr'>Iocunda</span> <span class='ocrx_word' id='word_1_99' title='bbox 697 1692 848 1745; x_wconf 88' lang='lat' dir='ltr'>dabis</span> <span class='ocrx_word' id='word_1_100' title='bbox 887 1692 1236 1747; x_wconf 87' lang='lat' dir='ltr'>adlocutione.</span> 
     </span>
    </p>

    <p class='ocr_par' dir='ltr' id='par_1_8' title="bbox 419 1766 1378 1908">
     <span class='ocr_line' id='line_1_24' title="bbox 419 1766 1378 1835; baseline 0.002 -17"><span class='ocrx_word' id='word_1_101' title='bbox 419 1766 548 1819; x_wconf 85' lang='lat' dir='ltr'>Mox</span> <span class='ocrx_word' id='word_1_102' title='bbox 586 1769 775 1834; x_wconf 87' lang='lat' dir='ltr'>coepta</span> <span class='ocrx_word' id='word_1_103' title='bbox 814 1766 1122 1835; x_wconf 84' lang='lat' dir='ltr'>generosior</span> <span class='ocrx_word' id='word_1_104' title='bbox 1159 1766 1378 1820; x_wconf 86' lang='lat' dir='ltr'>iuuenta</span> 
     </span>
     <span class='ocr_line' id='line_1_25' title="bbox 420 1837 1361 1908; baseline 0.002 -17"><span class='ocrx_word' id='word_1_105' title='bbox 420 1840 591 1892; x_wconf 92' lang='lat' dir='ltr'>Albos</span> <span class='ocrx_word' id='word_1_106' title='bbox 631 1839 842 1892; x_wconf 90' lang='lat' dir='ltr'>ossibus</span> <span class='ocrx_word' id='word_1_107' title='bbox 880 1837 1035 1891; x_wconf 86' lang='lat' dir='ltr'>Italis</span> <span class='ocrx_word' id='word_1_108' title='bbox 1077 1838 1361 1908; x_wconf 86' lang='lat' dir='ltr'>Philippos</span> 
     </span>
    </p>

    <p class='ocr_par' dir='ltr' id='par_1_9' title="bbox 418 1911 1534 2129">
     <span class='ocr_line' id='line_1_26' title="bbox 419 1911 1360 1981; baseline 0.002 -17"><span class='ocrx_word' id='word_1_109' title='bbox 419 1912 495 1965; x_wconf 88' lang='lat' dir='ltr'>Et</span> <span class='ocrx_word' id='word_1_110' title='bbox 532 1912 842 1965; x_wconf 90' lang='lat' dir='ltr'>Pharsalica</span> <span class='ocrx_word' id='word_1_111' title='bbox 879 1911 1023 1964; x_wconf 87' lang='lat' dir='ltr'>bella</span> <span class='ocrx_word' id='word_1_112' title='bbox 1061 1911 1360 1981; x_wconf 88' lang='lat' dir='ltr'>detonabis,</span> 
     </span>
     <span class='ocr_line' id='line_1_27' title="bbox 423 1984 1534 2056; baseline 0.002 -19"><span class='ocrx_word' id='word_1_113' title='bbox 423 1985 578 2048; x_wconf 81' lang='lat' dir='ltr'>Quod</span> <span class='ocrx_word' id='word_1_114' title='bbox 614 1985 820 2037; x_wconf 86' lang='lat' dir='ltr'>fulmen</span> <span class='ocrx_word' id='word_1_115' title='bbox 856 1984 1007 2037; x_wconf 90' lang='lat' dir='ltr'>ducis</span> <span class='ocrx_word' id='word_1_116' title='bbox 1044 1985 1185 2038; x_wconf 91' lang='lat' dir='ltr'>inter</span> <span class='ocrx_word' id='word_1_117' title='bbox 1222 2004 1370 2038; x_wconf 87' lang='lat' dir='ltr'>arma</span> <span class='ocrx_word' id='word_1_118' title='bbox 1408 1986 1534 2056; x_wconf 87' lang='lat' dir='ltr'>diui,</span> 
     </span>
     <span class='ocr_line' id='line_1_28' title="bbox 418 2056 1374 2129; baseline 0.002 -18"><span class='ocrx_word' id='word_1_119' title='bbox 418 2058 689 2111; x_wconf 84' lang='lat' dir='ltr'>Libertate</span> <span class='ocrx_word' id='word_1_120' title='bbox 727 2075 947 2129; x_wconf 87' lang='lat' dir='ltr'>grauem</span> <span class='ocrx_word' id='word_1_121' title='bbox 983 2057 1075 2127; x_wconf 90' lang='lat' dir='ltr'>pia</span> <span class='ocrx_word' id='word_1_122' title='bbox 1113 2056 1374 2113; x_wconf 83' lang='lat' dir='ltr'>Catonem</span> 
     </span>
    </p>
   </div>
   <div class='ocr_carea' id='block_1_4' title="bbox 166 2191 507 2199">
    <p class='ocr_par' dir='ltr' id='par_1_10' title="bbox 166 2191 507 2199">
     <span class='ocr_line' id='line_1_29' title="bbox 166 2191 507 2199; baseline 0 0"><span class='ocrx_word' id='word_1_123' title='bbox 166 2191 507 2199; x_wconf 95' lang='lat' dir='ltr'> </span> 
     </span>
    </p>
   </div>
   <div class='ocr_carea' id='block_1_5' title="bbox 1866 392 1923 432">
    <p class='ocr_par' dir='ltr' id='par_1_11' title="bbox 1866 392 1923 432">
     <span class='ocr_line' id='line_1_30' title="bbox 1866 392 1923 432; baseline 0.018 -1"><span class='ocrx_word' id='word_1_124' title='bbox 1866 392 1923 432; x_wconf 81' lang='lat'>45</span> 
     </span>
    </p>
   </div>
   <div class='ocr_carea' id='block_1_6' title="bbox 1867 756 1924 797">
    <p class='ocr_par' dir='ltr' id='par_1_12' title="bbox 1867 756 1924 797">
     <span class='ocr_line' id='line_1_31' title="bbox 1867 756 1924 797; baseline 0.018 -1"><span class='ocrx_word' id='word_1_125' title='bbox 1867 756 1924 797; x_wconf 88' lang='lat'>50</span> 
     </span>
    </p>
   </div>
   <div class='ocr_carea' id='block_1_7' title="bbox 1867 1123 1922 1163">
    <p class='ocr_par' dir='ltr' id='par_1_13' title="bbox 1867 1123 1922 1163">
     <span class='ocr_line' id='line_1_32' title="bbox 1867 1123 1922 1163; baseline 0 0"><span class='ocrx_word' id='word_1_126' title='bbox 1867 1123 1922 1163; x_wconf 84' lang='lat'>55</span> 
     </span>
    </p>
   </div>
   <div class='ocr_carea' id='block_1_8' title="bbox 1866 1489 1921 1530">
    <p class='ocr_par' dir='ltr' id='par_1_14' title="bbox 1866 1489 1921 1530">
     <span class='ocr_line' id='line_1_33' title="bbox 1866 1489 1921 1530; baseline 0 0"><span class='ocrx_word' id='word_1_127' title='bbox 1866 1489 1921 1530; x_wconf 89' lang='grc'>60</span> 
     </span>
    </p>
   </div>
   <div class='ocr_carea' id='block_1_9' title="bbox 1865 1854 1919 1896">
    <p class='ocr_par' dir='ltr' id='par_1_15' title="bbox 1865 1854 1919 1896">
     <span class='ocr_line' id='line_1_34' title="bbox 1865 1854 1919 1896; baseline 0.019 -1"><span class='ocrx_word' id='word_1_128' title='bbox 1865 1854 1919 1896; x_wconf 85' lang='grc'>65</span> 
     </span>
    </p>
   </div>
   <div class='ocr_carea' id='block_1_10' title="bbox 271 2291 1916 2348">
    <p class='ocr_par' dir='ltr' id='par_1_16' title="bbox 271 2291 1916 2348">
     <span class='ocr_line' id='line_1_35' title="bbox 271 2291 1916 2348; baseline 0.001 -13"><span class='ocrx_word' id='word_1_129' title='bbox 271 2295 330 2335; x_wconf 87' lang='lat'>44</span> <span class='ocrx_word' id='word_1_130' title='bbox 359 2291 568 2335; x_wconf 88' lang='lat' dir='ltr'>moueuis</span> <span class='ocrx_word' id='word_1_131' title='bbox 598 2296 645 2346; x_wconf 90' lang='lat' dir='ltr'>L,</span> <span class='ocrx_word' id='word_1_132' title='bbox 678 2304 791 2335; x_wconf 76' lang='lat' dir='ltr'>corr.</span> <span class='ocrx_word' id='word_1_133' title='bbox 822 2305 879 2335; x_wconf 85' lang='lat' dir='ltr'>m.</span> <span class='ocrx_word' id='word_1_134' title='bbox 911 2296 938 2335; x_wconf 89' lang='lat'><strong><em>1</em></strong></span> <span class='ocrx_word' id='word_1_135' title='bbox 976 2293 993 2347; x_wconf 88' lang='grc' dir='ltr'>ΙΙ</span> <span class='ocrx_word' id='word_1_136' title='bbox 1030 2295 1087 2335; x_wconf 88' lang='lat'>45</span> <span class='ocrx_word' id='word_1_137' title='bbox 1121 2316 1131 2326; x_wconf 91' lang='lat'><strong>·</strong></span> <span class='ocrx_word' id='word_1_138' title='bbox 1155 2297 1224 2335; x_wconf 72' lang='lat' dir='ltr'>ffii</span> <span class='ocrx_word' id='word_1_139' title='bbox 1249 2316 1258 2326; x_wconf 90' lang='lat'><strong>·</strong></span> <span class='ocrx_word' id='word_1_140' title='bbox 1290 2296 1332 2336; x_wconf 78' lang='lat' dir='ltr'>et</span> <span class='ocrx_word' id='word_1_141' title='bbox 1358 2291 1565 2336; x_wconf 86' lang='lat' dir='ltr'>timbrim</span> <span class='ocrx_word' id='word_1_142' title='bbox 1595 2296 1629 2335; x_wconf 89' lang='lat' dir='ltr'>L</span> <span class='ocrx_word' id='word_1_143' title='bbox 1651 2294 1668 2348; x_wconf 83' lang='grc' dir='ltr'>ΙΙ</span> <span class='ocrx_word' id='word_1_144' title='bbox 1703 2297 1760 2337; x_wconf 88' lang='grc'>46</span> <span class='ocrx_word' id='word_1_145' title='bbox 1793 2293 1916 2338; x_wconf 87' lang='lat' dir='ltr'>elon-</span> 
     </span>
    </p>
   </div>
   <div class='ocr_carea' id='block_1_11' title="bbox 155 2350 1915 2409">
    <p class='ocr_par' dir='ltr' id='par_1_17' title="bbox 155 2350 1915 2409">
     <span class='ocr_line' id='line_1_36' title="bbox 155 2350 1915 2409; baseline 0.001 -15"><span class='ocrx_word' id='word_1_146' title='bbox 155 2350 324 2406; x_wconf 85' lang='lat' dir='ltr'>quente</span> <span class='ocrx_word' id='word_1_147' title='bbox 353 2354 387 2391; x_wconf 97' lang='lat' dir='ltr'>L</span> <span class='ocrx_word' id='word_1_148' title='bbox 421 2351 438 2405; x_wconf 79' lang='grc' dir='ltr'><strong>Η</strong></span> <span class='ocrx_word' id='word_1_149' title='bbox 468 2354 522 2393; x_wconf 79' lang='grc'>47</span> <span class='ocrx_word' id='word_1_150' title='bbox 555 2351 768 2394; x_wconf 87' lang='lat' dir='ltr'>sanatum</span> <span class='ocrx_word' id='word_1_151' title='bbox 797 2354 830 2392; x_wconf 91' lang='lat' dir='ltr'>L</span> <span class='ocrx_word' id='word_1_152' title='bbox 853 2351 869 2405; x_wconf 79' lang='grc' dir='ltr'>ΙΙ</span> <span class='ocrx_word' id='word_1_153' title='bbox 893 2354 948 2393; x_wconf 86' lang='grc'>49</span> <span class='ocrx_word' id='word_1_154' title='bbox 980 2350 1113 2394; x_wconf 80' lang='lat' dir='ltr'>tarde</span> <span class='ocrx_word' id='word_1_155' title='bbox 1146 2350 1342 2395; x_wconf 79' lang='lat' dir='ltr'>Markl.:</span> <span class='ocrx_word' id='word_1_156' title='bbox 1371 2350 1494 2394; x_wconf 87' lang='lat' dir='ltr'>tardi</span> <span class='ocrx_word' id='word_1_157' title='bbox 1526 2355 1555 2393; x_wconf 80' lang='lat' dir='ltr'>c</span> <span class='ocrx_word' id='word_1_158' title='bbox 1585 2365 1613 2393; x_wconf 81' lang='lat' dir='ltr'>a</span> <span class='ocrx_word' id='word_1_159' title='bbox 1642 2355 1675 2393; x_wconf 75' lang='grc' dir='ltr'>Ι,</span> <span class='ocrx_word' id='word_1_160' title='bbox 1702 2352 1709 2409; x_wconf 85' lang='grc' dir='ltr'>Ι</span> <span class='ocrx_word' id='word_1_161' title='bbox 1736 2350 1915 2396; x_wconf 88' lang='lat' dir='ltr'>reducis</span> 
     </span>
    </p>
   </div>
   <div class='ocr_carea' id='block_1_12' title="bbox 1353 2410 1482 2443">
    <p class='ocr_par' dir='ltr' id='par_1_18' title="bbox 1353 2410 1482 2443">
     <span class='ocr_line' id='line_1_37' title="bbox 1353 2410 1482 2443; baseline 0 -1"><span class='ocrx_word' id='word_1_162' title='bbox 1353 2410 1482 2443; x_wconf 87' lang='lat' dir='ltr'>im.2</span> 
     </span>
    </p>
   </div>
   <div class='ocr_carea' id='block_1_13' title="bbox 153 2451 1918 2855">
    <p class='ocr_par' dir='ltr' id='par_1_19' title="bbox 153 2451 1918 2855">
     <span class='ocr_line' id='line_1_38' title="bbox 155 2451 1918 2508; baseline 0.003 -15"><span class='ocrx_word' id='word_1_163' title='bbox 155 2456 183 2493; x_wconf 84' lang='lat' dir='ltr'>c</span> <span class='ocrx_word' id='word_1_164' title='bbox 213 2456 245 2493; x_wconf 92' lang='lat' dir='ltr'>L</span> <span class='ocrx_word' id='word_1_165' title='bbox 274 2452 371 2505; x_wconf 79' lang='lat' dir='ltr'>(hic</span> <span class='ocrx_word' id='word_1_166' title='bbox 407 2451 424 2494; x_wconf 95' lang='lat' dir='ltr'>i</span> <span class='ocrx_word' id='word_1_167' title='bbox 462 2465 517 2495; x_wconf 78' lang='lat' dir='ltr'>ex</span> <span class='ocrx_word' id='word_1_168' title='bbox 555 2465 583 2495; x_wconf 91' lang='lat' dir='ltr'>a</span> <span class='ocrx_word' id='word_1_169' title='bbox 612 2464 724 2495; x_wconf 76' lang='lat' dir='ltr'>corr.</span> <span class='ocrx_word' id='word_1_170' title='bbox 763 2466 820 2495; x_wconf 85' lang='lat' dir='ltr'>m.</span> <span class='ocrx_word' id='word_1_171' title='bbox 858 2455 930 2505; x_wconf 86' lang='lat'><em>1).·</em></span> <span class='ocrx_word' id='word_1_172' title='bbox 970 2451 1160 2496; x_wconf 87' lang='lat' dir='ltr'>reduces</span> <span class='ocrx_word' id='word_1_173' title='bbox 1196 2456 1235 2494; x_wconf 99' lang='lat' dir='ltr'>A</span> <span class='ocrx_word' id='word_1_174' title='bbox 1270 2453 1276 2500; x_wconf 81' lang='grc' dir='ltr'>Ι</span> <span class='ocrx_word' id='word_1_175' title='bbox 1311 2452 1523 2505; x_wconf 67' lang='lat' dir='ltr'>ulnis}</span> <span class='ocrx_word' id='word_1_176' title='bbox 1553 2454 1593 2508; x_wconf 90' lang='lat' dir='ltr'>(s</span> <span class='ocrx_word' id='word_1_177' title='bbox 1624 2468 1653 2497; x_wconf 86' lang='lat' dir='ltr'>a</span> <span class='ocrx_word' id='word_1_178' title='bbox 1683 2468 1739 2497; x_wconf 85' lang='lat' dir='ltr'>m.</span> <span class='ocrx_word' id='word_1_179' title='bbox 1771 2458 1829 2507; x_wconf 82' lang='lat'>2;</span> <span class='ocrx_word' id='word_1_180' title='bbox 1867 2455 1918 2498; x_wconf 76' lang='lat' dir='ltr'>in</span> 
     </span>
     <span class='ocr_line' id='line_1_39' title="bbox 153 2509 1916 2567; baseline 0.001 -13"><span class='ocrx_word' id='word_1_181' title='bbox 153 2523 243 2554; x_wconf 72' lang='lat' dir='ltr'>rae.</span> <span class='ocrx_word' id='word_1_182' title='bbox 276 2514 373 2554; x_wconf 74' lang='lat' dir='ltr'>erat</span> <span class='ocrx_word' id='word_1_183' title='bbox 404 2512 441 2565; x_wconf 87' lang='lat' dir='ltr'>s)</span> <span class='ocrx_word' id='word_1_184' title='bbox 481 2514 513 2552; x_wconf 91' lang='lat' dir='ltr'>L</span> <span class='ocrx_word' id='word_1_185' title='bbox 545 2510 560 2564; x_wconf 85' lang='grc' dir='ltr'>ΙΙ</span> <span class='ocrx_word' id='word_1_186' title='bbox 590 2513 644 2552; x_wconf 87' lang='lat'>51</span> <span class='ocrx_word' id='word_1_187' title='bbox 679 2511 863 2554; x_wconf 89' lang='lat' dir='ltr'>uotibus</span> <span class='ocrx_word' id='word_1_188' title='bbox 894 2509 953 2561; x_wconf 89' lang='lat' dir='ltr'>L,</span> <span class='ocrx_word' id='word_1_189' title='bbox 984 2522 1098 2554; x_wconf 80' lang='lat' dir='ltr'>corr.</span> <span class='ocrx_word' id='word_1_190' title='bbox 1128 2524 1185 2554; x_wconf 86' lang='lat' dir='ltr'>m.</span> <span class='ocrx_word' id='word_1_191' title='bbox 1218 2515 1244 2554; x_wconf 91' lang='lat'><strong><em>1</em></strong></span> <span class='ocrx_word' id='word_1_192' title='bbox 1268 2511 1285 2567; x_wconf 87' lang='grc' dir='ltr'>ΙΙ</span> <span class='ocrx_word' id='word_1_193' title='bbox 1308 2514 1364 2555; x_wconf 89' lang='grc'>53</span> <span class='ocrx_word' id='word_1_194' title='bbox 1396 2524 1553 2555; x_wconf 86' lang='lat' dir='ltr'>exeres</span> <span class='ocrx_word' id='word_1_195' title='bbox 1587 2512 1782 2556; x_wconf 77' lang='lat' dir='ltr'>Markl.:</span> <span class='ocrx_word' id='word_1_196' title='bbox 1815 2526 1916 2556; x_wconf 86' lang='lat' dir='ltr'>exe-</span> 
     </span>
     <span class='ocr_line' id='line_1_40' title="bbox 153 2567 1916 2627; baseline 0.002 -15"><span class='ocrx_word' id='word_1_197' title='bbox 153 2567 216 2612; x_wconf 84' lang='lat' dir='ltr'>ris</span> <span class='ocrx_word' id='word_1_198' title='bbox 249 2573 276 2609; x_wconf 88' lang='lat' dir='ltr'>c</span> <span class='ocrx_word' id='word_1_199' title='bbox 308 2584 335 2611; x_wconf 82' lang='lat' dir='ltr'>a</span> <span class='ocrx_word' id='word_1_200' title='bbox 372 2573 405 2610; x_wconf 90' lang='lat' dir='ltr'>L</span> <span class='ocrx_word' id='word_1_201' title='bbox 442 2569 458 2624; x_wconf 81' lang='grc' dir='ltr'>ΙΙ</span> <span class='ocrx_word' id='word_1_202' title='bbox 497 2571 551 2612; x_wconf 87' lang='lat'>55</span> <span class='ocrx_word' id='word_1_203' title='bbox 589 2568 743 2611; x_wconf 87' lang='lat' dir='ltr'>Ludes</span> <span class='ocrx_word' id='word_1_204' title='bbox 780 2573 813 2611; x_wconf 92' lang='lat' dir='ltr'>L</span> <span class='ocrx_word' id='word_1_205' title='bbox 846 2571 897 2612; x_wconf 67' lang='lat'>3:</span> <span class='ocrx_word' id='word_1_206' title='bbox 936 2567 1119 2612; x_wconf 87' lang='lat' dir='ltr'>Laudas</span> <span class='ocrx_word' id='word_1_207' title='bbox 1157 2572 1195 2610; x_wconf 94' lang='lat' dir='ltr'>A</span> <span class='ocrx_word' id='word_1_208' title='bbox 1226 2573 1255 2611; x_wconf 80' lang='lat' dir='ltr'><strong>c</strong></span> <span class='ocrx_word' id='word_1_209' title='bbox 1293 2570 1299 2625; x_wconf 88' lang='grc' dir='ltr'>Ι</span> <span class='ocrx_word' id='word_1_210' title='bbox 1336 2569 1555 2614; x_wconf 87' lang='lat' dir='ltr'>haectora</span> <span class='ocrx_word' id='word_1_211' title='bbox 1583 2571 1692 2614; x_wconf 89' lang='lat' dir='ltr'>tess.</span> <span class='ocrx_word' id='word_1_212' title='bbox 1737 2575 1769 2612; x_wconf 91' lang='lat' dir='ltr'>L</span> <span class='ocrx_word' id='word_1_213' title='bbox 1807 2572 1823 2627; x_wconf 75' lang='grc' dir='ltr'>ΙΙ</span> <span class='ocrx_word' id='word_1_214' title='bbox 1860 2575 1916 2615; x_wconf 86' lang='grc'>56</span> 
     </span>
     <span class='ocr_line' id='line_1_41' title="bbox 153 2626 1915 2685; baseline 0.001 -14"><span class='ocrx_word' id='word_1_215' title='bbox 153 2626 301 2671; x_wconf 82' lang='lat' dir='ltr'>aurim</span> <span class='ocrx_word' id='word_1_216' title='bbox 331 2631 363 2668; x_wconf 88' lang='lat' dir='ltr'>L</span> <span class='ocrx_word' id='word_1_217' title='bbox 394 2628 409 2682; x_wconf 79' lang='grc' dir='ltr'>ΙΙ</span> <span class='ocrx_word' id='word_1_218' title='bbox 439 2631 494 2670; x_wconf 88' lang='lat'>59</span> <span class='ocrx_word' id='word_1_219' title='bbox 526 2627 782 2682; x_wconf 81' lang='lat' dir='ltr'>proferetur</span> <span class='ocrx_word' id='word_1_220' title='bbox 823 2631 851 2668; x_wconf 78' lang='lat' dir='ltr'><strong><em>G</em></strong></span> <span class='ocrx_word' id='word_1_221' title='bbox 881 2630 935 2670; x_wconf 90' lang='lat' dir='ltr'>L:</span> <span class='ocrx_word' id='word_1_222' title='bbox 974 2626 1230 2682; x_wconf 86' lang='lat' dir='ltr'>preferetur</span> <span class='ocrx_word' id='word_1_223' title='bbox 1258 2630 1296 2670; x_wconf 91' lang='lat' dir='ltr'>A</span> <span class='ocrx_word' id='word_1_224' title='bbox 1329 2628 1336 2683; x_wconf 74' lang='grc' dir='ltr'>Ι</span> <span class='ocrx_word' id='word_1_225' title='bbox 1364 2627 1516 2672; x_wconf 88' lang='lat' dir='ltr'>orfeus</span> <span class='ocrx_word' id='word_1_226' title='bbox 1555 2631 1593 2670; x_wconf 86' lang='lat' dir='ltr'>A</span> <span class='ocrx_word' id='word_1_227' title='bbox 1622 2633 1655 2670; x_wconf 90' lang='lat' dir='ltr'>L</span> <span class='ocrx_word' id='word_1_228' title='bbox 1687 2630 1703 2685; x_wconf 75' lang='lat' dir='ltr'>fl</span> <span class='ocrx_word' id='word_1_229' title='bbox 1734 2634 1790 2673; x_wconf 88' lang='lat'>60</span> <span class='ocrx_word' id='word_1_230' title='bbox 1821 2628 1915 2673; x_wconf 88' lang='lat' dir='ltr'>cul-</span> 
     </span>
     <span class='ocr_line' id='line_1_42' title="bbox 153 2685 1915 2741; baseline 0.002 -13"><span class='ocrx_word' id='word_1_231' title='bbox 153 2685 354 2729; x_wconf 89' lang='lat' dir='ltr'>minibus</span> <span class='ocrx_word' id='word_1_232' title='bbox 393 2685 425 2727; x_wconf 68' lang='lat'>5</span> <span class='ocrx_word' id='word_1_233' title='bbox 463 2700 509 2727; x_wconf 86' lang='lat' dir='ltr'>a:</span> <span class='ocrx_word' id='word_1_234' title='bbox 549 2685 819 2730; x_wconf 88' lang='lat' dir='ltr'>fulminibus</span> <span class='ocrx_word' id='word_1_235' title='bbox 857 2686 956 2738; x_wconf 80' lang='lat' dir='ltr'>(uel</span> <span class='ocrx_word' id='word_1_236' title='bbox 985 2685 1139 2741; x_wconf 87' lang='lat' dir='ltr'>flum.)</span> <span class='ocrx_word' id='word_1_237' title='bbox 1179 2689 1208 2726; x_wconf 82' lang='lat'><strong>0</strong></span> <span class='ocrx_word' id='word_1_238' title='bbox 1245 2685 1516 2731; x_wconf 82' lang='lat' dir='ltr'>fulminibus</span> <span class='ocrx_word' id='word_1_239' title='bbox 1556 2699 1610 2730; x_wconf 69' lang='lat' dir='ltr'>ea)</span> <span class='ocrx_word' id='word_1_240' title='bbox 1651 2686 1915 2731; x_wconf 89' lang='lat' dir='ltr'>fluminibus</span> 
     </span>
     <span class='ocr_line' id='line_1_43' title="bbox 154 2743 1915 2804; baseline 0 -17"><span class='ocrx_word' id='word_1_241' title='bbox 154 2756 266 2788; x_wconf 79' lang='lat' dir='ltr'>corr.</span> <span class='ocrx_word' id='word_1_242' title='bbox 298 2757 354 2788; x_wconf 85' lang='lat' dir='ltr'>m.</span> <span class='ocrx_word' id='word_1_243' title='bbox 393 2747 418 2786; x_wconf 90' lang='lat'><strong><em>1</em></strong></span> <span class='ocrx_word' id='word_1_244' title='bbox 450 2748 483 2785; x_wconf 87' lang='lat' dir='ltr'>L</span> <span class='ocrx_word' id='word_1_245' title='bbox 514 2745 528 2799; x_wconf 83' lang='grc' dir='ltr'>ΙΙ</span> <span class='ocrx_word' id='word_1_246' title='bbox 560 2749 613 2788; x_wconf 81' lang='lat'>62</span> <span class='ocrx_word' id='word_1_247' title='bbox 646 2744 766 2788; x_wconf 88' lang='lat' dir='ltr'>Hinc</span> <span class='ocrx_word' id='word_1_248' title='bbox 805 2747 856 2788; x_wconf 72' lang='grc' dir='ltr'>ςε</span> <span class='ocrx_word' id='word_1_249' title='bbox 895 2743 996 2786; x_wconf 89' lang='lat' dir='ltr'>Huc</span> <span class='ocrx_word' id='word_1_250' title='bbox 1028 2748 1056 2785; x_wconf 85' lang='lat' dir='ltr'><strong>c</strong></span> <span class='ocrx_word' id='word_1_251' title='bbox 1088 2759 1114 2785; x_wconf 84' lang='lat' dir='ltr'>a</span> <span class='ocrx_word' id='word_1_252' title='bbox 1143 2747 1176 2785; x_wconf 88' lang='lat' dir='ltr'>L</span> <span class='ocrx_word' id='word_1_253' title='bbox 1216 2743 1287 2788; x_wconf 87' lang='lat' dir='ltr'>Tu</span> <span class='ocrx_word' id='word_1_254' title='bbox 1317 2745 1414 2790; x_wconf 81' lang='lat' dir='ltr'>edd.</span> <span class='ocrx_word' id='word_1_255' title='bbox 1453 2746 1470 2801; x_wconf 90' lang='grc' dir='ltr'>ΙΙ</span> <span class='ocrx_word' id='word_1_256' title='bbox 1508 2749 1562 2789; x_wconf 88' lang='grc'>66</span> <span class='ocrx_word' id='word_1_257' title='bbox 1593 2744 1809 2790; x_wconf 84' lang='lat' dir='ltr'>farsalica</span> <span class='ocrx_word' id='word_1_258' title='bbox 1838 2750 1870 2787; x_wconf 85' lang='lat' dir='ltr'>L</span> <span class='ocrx_word' id='word_1_259' title='bbox 1902 2746 1915 2804; x_wconf 61' lang='grc' dir='ltr'>ἕ]</span> 
     </span>
     <span class='ocr_line' id='line_1_44' title="bbox 155 2800 1175 2855; baseline -0.002 -9"><span class='ocrx_word' id='word_1_260' title='bbox 155 2806 210 2846; x_wconf 83' lang='grc'>67</span> <span class='ocrx_word' id='word_1_261' title='bbox 248 2800 379 2854; x_wconf 80' lang='lat' dir='ltr'>Quod</span> <span class='ocrx_word' id='word_1_262' title='bbox 413 2802 609 2846; x_wconf 48' lang='lat' dir='ltr'>Maricla</span> <span class='ocrx_word' id='word_1_263' title='bbox 642 2802 740 2855; x_wconf 82' lang='lat' dir='ltr'>Quo</span> <span class='ocrx_word' id='word_1_264' title='bbox 773 2807 802 2844; x_wconf 78' lang='lat' dir='ltr'>c</span> <span class='ocrx_word' id='word_1_265' title='bbox 833 2817 860 2844; x_wconf 79' lang='lat' dir='ltr'>a</span> <span class='ocrx_word' id='word_1_266' title='bbox 889 2806 921 2843; x_wconf 89' lang='lat' dir='ltr'>L</span> <span class='ocrx_word' id='word_1_267' title='bbox 952 2802 1014 2845; x_wconf 91' lang='lat' dir='ltr'>Et</span> <span class='ocrx_word' id='word_1_268' title='bbox 1043 2802 1175 2846; x_wconf 86' lang='lat' dir='ltr'>Dom.</span> 
     </span>
    </p>
   </div>
  </div>
 </body>
</html>
