2020 3106
264 132 333 183 14
835 131 882 175 Ρ.
916 130 1146 176 PAPINII
1176 130 1373 176 STATII

263 250 408 305 Cura
446 253 644 321 virum,
687 252 732 304 si
773 252 984 320 quando
1022 252 1284 305 humilem
1325 251 1578 306 decedere
1616 270 1783 321 regno

263 325 593 379 Germanum
634 328 688 378 et
728 329 899 378 semet
937 325 1138 378 Thebis
1179 326 1477 396 opibusque
1515 327 1751 395 potitum

262 398 538 469 Cerneret3
577 401 679 453 hac
719 418 909 453 aevum
949 400 1134 469 cupiat
1169 417 1267 469 pro
1308 401 1425 453 luce
1464 400 1679 468 pacisci.

260 473 419 527 Nunc
460 474 700 543 queritur
740 491 834 527 ceu
865 473 1022 526 tarda
1051 474 1215 543 fugae
1247 474 1542 544 dispendia,
1581 475 1674 528 sed
1704 493 1829 527 mox
1861 488 1989 543 320

257 548 483 601 Attollit
521 549 682 600 flatus
724 548 873 600 ducis
913 550 968 600 et
1007 548 1207 601 sedisse
1248 548 1516 616 superbus
1979 523 1990 645 i

256 621 479 674 Deiecto
519 622 627 674 iam
667 621 836 674 fratre
875 624 1054 690 putat:
1095 640 1217 691 spes
1258 622 1418 675 anxia
1455 625 1692 676 mentem
1984 653 1990 674 2

255 695 514 749 Extrahit
551 699 606 748 et
644 695 808 764 longo
850 696 1119 749 consumit
1158 695 1356 764 gaudia
1393 699 1535 749 voto.

259 769 410 822 Tunc
451 769 624 838 sedet,
662 768 912 822 Inachias
951 770 1111 822 urbes
1150 769 1497 838 Danaeiaque
1537 788 1666 823 arva
1990 815 1993 819 .

253 842 330 896 Et
369 844 666 913 caligantes
709 844 943 912 abrupto
985 843 1094 896 sole
1133 842 1388 928 Mycenas
1857 856 1942 896 325
1984 884 1985 889 ,

257 916 416 970 Ferre
457 918 561 970 iter
599 917 956 1001 impavidum,
997 935 1091 970 seu
1130 917 1351 987 praevia
1389 917 1536 970 ducit
1573 909 1795 987 Erinys,

257 989 361 1044 Seu
399 991 512 1044 fors
552 991 650 1044 illa
688 992 830 1061 viae,
870 992 983 1044 sive
1020 991 1122 1044 hac
1155 992 1363 1044 inmota
1400 991 1631 1044 vocabat

255 1066 507 1134 Atropos,
585 1064 815 1149 Ogygiis
855 1066 1063 1118 ululata
1100 1065 1376 1119 furoribus
1418 1068 1575 1118 antra

254 1139 470 1192 Deserit
509 1143 563 1192 et
601 1140 828 1209 pingues
868 1139 1113 1192 Baccheo
1156 1139 1416 1223 sanguine
1455 1140 1633 1192 colles,

253 1212 384 1266 Inde
417 1214 652 1282 plagam,
686 1232 791 1282 qua
822 1213 988 1266 molle
1020 1213 1210 1266 sedens
1243 1214 1299 1266 in
1330 1213 1495 1282 plana
1526 1211 1822 1266 Cithaeron
1853 1226 1940 1266 330
1982 1207 2000 1275 ἓξ

253 1286 558 1356 Porrigitur
596 1287 905 1356 lassumque
944 1287 1173 1340 inclinat
1211 1287 1278 1340 ad
1317 1304 1553 1356 aequora
1590 1290 1851 1356 montem,

250 1360 535 1413 Praeterit.
611 1360 753 1414 Hinc
794 1365 910 1414 arte
950 1362 1234 1430 scopuloso
1274 1361 1329 1414 in
1368 1361 1540 1414 limite
1579 1361 1817 1430 pendens

250 1434 489 1487 Infames
533 1433 752 1488 Scirone
791 1437 976 1504 petras
1018 1434 1368 1504 Scyllaeaque
1407 1454 1532 1488 rura

250 1507 526 1577 Purpureo
567 1512 796 1578 regnata
836 1510 951 1561 seni
990 1510 1286 1579 mitemque
1326 1507 1627 1563 Corinthon

250 1581 475 1651 Linquit
516 1585 570 1635 et
608 1583 666 1635 in
704 1583 895 1635 mediis
937 1583 1086 1635 audit
1125 1583 1230 1636 duo
1270 1583 1434 1636 litora
1474 1584 1692 1652 campis.
1851 1597 1936 1636 335
1995 1599 1997 1602 ’

323 1655 544 1725 Iamque
584 1674 681 1725 per
722 1657 932 1708 emeriti
973 1673 1199 1726 surgens
1233 1657 1464 1709 confinia
1502 1656 1710 1710 Phoebi

251 1729 463 1782 Titanis
503 1730 638 1798 late,
675 1730 874 1782 mundo
914 1731 1168 1783 subvecta
1207 1729 1415 1799 silenti,

251 1803 503 1856 Rorifera
542 1804 781 1873 gelidum
819 1807 1138 1857 tenuaverat
1176 1822 1301 1857 aera
1339 1804 1488 1874 biga3

248 1877 367 1930 Iam
412 1878 644 1946 pecudes
690 1878 1044 1947 volucresque
1087 1881 1294 1947 tacent,
1332 1879 1441 1931 iam
1482 1896 1700 1931 somnus
1741 1879 1939 1931 amaris

366 2027 465 2067 325.
503 2023 571 2066 ‘et
595 2048 649 2054 —
675 2022 914 2080 Mycenas'
950 2022 1224 2067 Priscian.
1250 2022 1315 2066 XI
1339 2028 1381 2078 9,
1414 2027 1470 2067 39
1494 2038 1539 2080 p.
1567 2027 1654 2068 574
1677 2023 1733 2067 Η.
1761 2023 1937 2067 schol.

246 2082 454 2126 Lucan.
478 2081 567 2125 VII
598 2087 683 2126 451
709 2098 754 2138 p.
782 2087 867 2126 554
890 2081 962 2127 W.
990 2084 1174 2127 Acron
1199 2082 1260 2126 ad
1283 2083 1445 2126 Horat.
1471 2096 1610 2126 carm.
1635 2081 1657 2124 I
1683 2087 1751 2137 16,
1786 2087 1853 2126 17.
1881 2108 1935 2114 -
2018 2116 2020 2132 2

248 2146 345 2186 338.
384 2140 598 2185 ‘rorifera
622 2167 678 2173 —
701 2140 833 2197 biga’
871 2141 1020 2187 Serv.
1062 2141 1123 2185 ad
1160 2141 1274 2185 Aen.
1315 2141 1358 2185 II
1397 2146 1482 2186 272
1517 2140 1573 2185 cf.
1606 2141 1666 2185 ad
1696 2141 1739 2185 V
1773 2146 1854 2185 721
1890 2143 1938 2184 et

244 2199 481 2257 Pompei
514 2213 679 2245 comm.
713 2202 797 2245 art.
831 2199 1005 2244 Donati
1035 2200 1079 2244 V
1109 2216 1154 2257 p.
1191 2206 1288 2255 167,
1322 2205 1377 2244 22
1413 2200 1465 2244 K.

362 2382 448 2421 317
501 2334 722 2433 dece,d‘i·e
764 2380 787 2419 1
825 2377 1108 2422 descendere
1147 2394 1171 2421 r
1203 2377 1485 2422 descendere
1532 2378 1571 2421 δ’
1592 2379 1608 2434 ΙΙ
1632 2381 1717 2421 319
1748 2376 1932 2420 laevam
2015 2424 2017 2426 ,

240 2436 551 2480 Baehrensius
602 2442 608 2488 Ι
655 2449 741 2492 pro
802 2436 943 2480 laude
1006 2441 1041 2479 G
1079 2438 1190 2482 Beh.
1227 2437 1569 2494 Peerlkampius
1612 2438 1628 2493 ΙΙ
1677 2441 1764 2480 320
1817 2437 1929 2480 heu!
1979 2474 1982 2477 .

241 2495 469 2539 Barthius
501 2496 516 2550 Π
548 2499 632 2539 322
676 2494 858 2539 deiecto
890 2495 985 2539 iam
1013 2500 1046 2538 P
1109 2495 1293 2540 deiecto
1325 2510 1374 2540 se
1405 2499 1494 2539 Bu
1516 2497 1532 2552 ΙΙ
1555 2500 1641 2539 323
1671 2494 1932 2552 praesumit

238 2554 549 2598 Baehrensius
582 2555 597 2611 ΙΙ
631 2559 716 2598 326
756 2554 906 2611 erinys
945 2559 977 2597 P
1013 2557 1028 2611 ΙΙ
1059 2561 1144 2600 329
1186 2555 1394 2600 Pentheo
1435 2554 1661 2611 sanguine
1704 2554 1931 2598 Barthius

239 2613 302 2657 N.
342 2613 567 2657 Heinsius
596 2615 611 2669 ss
643 2618 729 2658 330
770 2613 983 2657 chiteron
1020 2619 1052 2656 P
1084 2616 1099 2670 ΙΙ
1130 2620 1215 2659 331
1257 2614 1535 2681 lapsumque
1573 2617 1600 2656 b
1635 2613 1820 2658 Gozb.1.
1850 2627 1929 2657 sex

242 2671 430 2717 Gruteri
501 2671 733 2728 lapsuque
771 2678 845 2727 Rp
888 2674 989 2718 edd.
1030 2678 1129 2718 vett.
1171 2676 1186 2730 ΙΙ
1225 2679 1311 2718 332
1348 2672 1472 2717 Hinc
1501 2672 1644 2716 Actes
1683 2671 1930 2729 scopuloso
2002 2719 2003 2722 ,

244 2730 395 2774 limite
412 2731 726 2776 Marklandus
747 2733 764 2789 ΙΙ
787 2737 871 2776 333
899 2730 1113 2776 schirone
1137 2736 1221 2775 ΡΗ
1244 2734 1260 2790 ΙΙ
1283 2737 1370 2777 334
1395 2731 1632 2787 ditemque
1650 2731 1931 2776 Schraderus
2000 2743 2010 2815 3

239 2789 522 2845 mollemque
580 2791 909 2836 Lachmannus
946 2793 961 2847 ΙΙ
1000 2796 1086 2835 337
1135 2793 1183 2835 et
1228 2791 1325 2836 late
1370 2796 1403 2834 P
1437 2793 1445 2848 Ι
1480 2790 1704 2835 subvecta
1746 2790 1928 2832 PGH&

241 2847 454 2892 subiecta
492 2853 580 2891 ΒΜ
621 2851 753 2895 schol.
787 2853 802 2907 ss
834 2856 919 2894 339
961 2849 1131 2893 amaris
1163 2855 1185 2893 f
1212 2851 1581 2907 Lindenbroqius
1612 2848 1768 2893 auaris
1798 2849 1926 2894 codd.
2007 2873 2012 2876 ·
