1976 3094
193 166 303 219 184
769 164 819 209 Ρ.
852 163 1080 208 PAPINII
1113 162 1306 209 STATII

192 286 651 354 Parrhasiumque
689 303 879 338 nemus
918 284 1262 354 Ledaeasque
1300 285 1405 339 ibis
1445 285 1718 356 Amyclas,

194 359 411 414 Scilicet
452 378 478 412 e
521 359 728 412 cunctis
770 376 869 429 ego
910 359 1318 428 neglectissima
1354 360 1499 414 natis

193 433 527 504 Progenies?
569 449 668 503 ego
708 451 902 502 nempe
941 437 1152 503 tamen,
1191 433 1281 503 qui
1321 434 1474 487 dulce
1512 434 1708 487 ferenti
1796 447 1882 489 165

193 508 410 563 Pondus
451 525 620 575 eram,
659 507 745 560 cui
784 509 845 560 tu
883 507 1134 578 dignatus
1173 507 1364 561 limina
1401 508 1546 561 vitae

194 583 656 651 Praereptumque
694 583 908 634 uterum
949 584 1004 634 et
1043 583 1320 635 maternos
1359 581 1582 635 reddere
1622 599 1847 636 menses.
1940 653 1947 686 3

1936 668 1947 689 3
1975 678 1976 696 χ

195 656 370 725 Adde,
410 655 551 724 quod
591 654 824 707 imbellis
865 655 1118 725 rarisque
1158 656 1395 709 exercita
1430 656 1627 710 ‘castris

196 730 379 783 Turba
418 747 566 782 meas
607 729 771 798 acie87
811 747 932 782 mea
969 731 1184 783 tantum
1222 730 1430 799 proelia
1467 731 1691 799 norunt,

194 803 426 857 Nectere
464 802 655 856 fronde
695 821 878 856 comas
919 806 973 856 et
1012 803 1080 856 ad
1118 803 1384 873 inspirata
1421 805 1594 858 rotari
1799 817 1882 858 170
1949 795 1953 798 ’

194 877 369 930 Buxa:
407 877 604 930 timent
642 877 862 946 thyrsos
900 880 1193 946 nuptarum
1233 880 1288 931 et
1323 878 1535 947 proelia
1573 881 1826 932 matrum.

195 950 349 1005 Unde
388 951 549 1004 tubas
588 950 928 1020 Martemque
967 951 1106 1021 pati,
1145 951 1237 1021 qui
1274 951 1513 1005 fervidus
1554 970 1673 1005 ecce

198 1025 413 1088 Quanta
450 1025 650 1094 parat?
691 1025 818 1094 quid
858 1026 906 1079 si
943 1025 1036 1078 ille
1076 1029 1199 1079 tuos
1241 1023 1468 1080 Curetas
1510 1026 1567 1079 in
1608 1044 1760 1079 arma

197 1099 375 1153 Ducat
416 1102 470 1152 et
508 1099 753 1152 innocuis
793 1099 980 1152 iubeat
1019 1099 1304 1153 decernere
1342 1100 1549 1170 peltis?

197 1173 340 1236 Quin
380 1173 546 1226 etiam
582 1173 789 1226 invisos
832 1171 935 1242 (sic
972 1174 1147 1226 hostis
1188 1171 1418 1244 defuitP)
1461 1172 1640 1245 Argos
1803 1186 1887 1226 175
1945 1175 1958 1259 ἑ

196 1247 389 1300 Elicis!
431 1246 475 1300 Ο
515 1247 674 1316 ipsis,
714 1247 947 1317 genitor,
987 1247 1242 1318 graviora
1279 1247 1495 1317 periclis

195 1321 372 1374 Iussa:
412 1321 720 1375 novercales
760 1321 961 1374 luimus
1004 1321 1175 1374 ditare
1214 1320 1493 1391 Mycenas!

197 1393 343 1449 Cedo
385 1394 647 1465 equidem.
721 1394 840 1458 Quo
881 1414 1034 1449 saera
1072 1399 1257 1449 tamen
1293 1396 1540 1465 ritusque
1578 1398 1888 1465 peremptae

199 1469 387 1523 Gentis
428 1472 503 1538 et,
542 1469 600 1521 in
638 1469 880 1523 tumulos
920 1470 966 1522 si
1005 1469 1132 1538 quid
1171 1470 1314 1522 male
1352 1470 1466 1523 feta
1504 1470 1727 1539 reliquit

196 1542 394 1613 Mater,
434 1542 584 1596 abire
623 1542 817 1596 iubes?
857 1542 1105 1597 Thracen
1145 1544 1418 1613 silvasque
1457 1543 1731 1614 Lycurgi?
1803 1557 1888 1596 180

198 1616 356 1669 Anne
395 1616 761 1685 triumphatos
800 1616 1007 1686 fugiam
1048 1617 1293 1686 captivus
1335 1618 1400 1670 ad
1439 1616 1639 1671 Indos?

200 1689 285 1744 Da
326 1690 507 1743 sedem
546 1690 798 1760 profugo!
854 1690 1043 1743 Potuit
1081 1690 1311 1744 Latonia
1348 1691 1518 1744 frater

200 1763 341 1819 Saxa
380 1761 504 1834 (nec
543 1760 785 1834 invideo)
827 1763 1059 1834 defigere
1098 1763 1276 1818 Delon
1316 1768 1371 1817 et
1409 1765 1532 1823 imis

200 1837 591 1892 Commendare
629 1836 809 1906 fretis3
848 1856 975 1891 cara
1015 1838 1288 1892 submovit
1327 1839 1396 1891 ab
1438 1857 1558 1892 arce

199 1911 444 1966 Hostiles
484 1911 725 1964 Tritonis
766 1929 955 1981 aquas3
993 1912 1107 1965 vidi
1144 1913 1261 1982 ipse
1299 1915 1581 1981 potentem
1804 1925 1890 1966 185
1956 1988 1958 1990 V

201 1985 465 2039 Gentibus
503 1984 636 2038 Eois
673 1984 965 2054 Epaphum
1004 1986 1131 2039 dare
1169 1987 1310 2053 iura,
1348 2004 1447 2039 nec
1484 1986 1623 2039 ullas

201 2058 425 2129 Cyllene
466 2062 672 2112 secreta
711 2060 872 2112 tubas
911 2058 1185 2114 Minoiave
1225 2063 1380 2113 curat

199 2133 320 2186 Ida:
362 2133 490 2203 quid
528 2133 653 2186 heu·
671 2136 887 2186 tantum
923 2134 1127 2187 nostris
1167 2134 1451 2188 offenderis
1493 2133 1638 2186 aris?

199 2206 306 2261 Hic
343 2208 447 2260 tibi
486 2205 725 2277 (quando
765 2207 945 2260 minor
983 2209 1094 2261 iam
1132 2211 1323 2261 nostra
1360 2207 1629 2278 potentia)
1667 2210 1853 2262 noctes

199 2280 500 2334 Herculeae
539 2282 873 2351 placitusque
912 2298 1083 2351 vagae
1122 2280 1414 2352 Nycteidos
1455 2282 1633 2351 ardor,
1801 2295 1888 2335 190

201 2354 307 2408 Hic
346 2354 573 2424 Tyrium
614 2372 784 2425 genus
825 2358 893 2408 et.
917 2358 1106 2409 nostro
1145 2356 1352 2409 felicior
1388 2355 1515 2426 igne

203 2427 438 2481 Taurus:
476 2428 793 2498 Agenoreos
834 2429 1028 2482 saltem
1067 2432 1246 2482 tutare
1285 2428 1548 2499 nepotes?

324 2592 410 2633 165
447 2587 642 2632 ferentis
680 2593 712 2631 P
749 2590 765 2645 ΙΙ
805 2593 888 2633 167
936 2589 1332 2656 Praereptumque
1377 2588 1468 2632 iter
1514 2590 1563 2633 et
1607 2590 1733 2634 codd.
1775 2589 1891 2646 edd„

203 2661 317 2694 corr.
342 2648 570 2692 Barthius
592 2649 607 2704 ΙΙ
634 2652 716 2692 172
750 2647 830 2703 qui
853 2652 917 2690 Pe
949 2648 1062 2703 quin
1094 2650 1228 2693 ceteri
1253 2652 1259 2703 Ι
1286 2647 1493 2694 fervidus
1516 2647 1607 2692 iste
1632 2648 1857 2693 Barthius
1874 2649 1888 2706 ΙΙ

207 2712 288 2752 177
321 2705 494 2751 luimus
519 2711 552 2749 P
582 2706 759 2751 ruimus
784 2708 918 2751 ceteri
946 2705 1127 2751 ruimur
1148 2708 1376 2752 Barthius
1397 2708 1414 2764 11
1439 2712 1522 2751 179
1548 2706 1886 2764 Interpunctio-

203 2780 304 2811 nem
341 2779 453 2811 corr.
495 2765 860 2811 Samdstroemius
886 2767 893 2822 Ι
921 2765 971 2808 in
1008 2767 1190 2810 tumulo
1227 2766 1447 2811 Naukius
1475 2767 1490 2822 ΙΙ
1523 2771 1608 2811 183
1647 2765 1752 2809 unis
1783 2770 1852 2809 ΡΒ
1876 2766 1889 2824 ΙΙ

207 2829 290 2870 187
323 2824 539 2882 Cyllenes
561 2825 673 2870 Beh.
699 2840 722 2868 e
746 2825 970 2870 Heinsius
1001 2839 1023 2869 e
1054 2826 1179 2871 codd.
1210 2827 1215 2880 Ι
1241 2825 1475 2870 minoiave
1506 2824 1716 2870 PBG2sc
1745 2825 1887 2870 Behh.

200 2886 288 2926 ‘ET
319 2883 534 2927 minoave
565 2889 610 2927 M
641 2885 739 2930 edd.
764 2886 779 2941 ΙΙ
806 2889 889 2929 189
920 2883 1073 2928 noctis
1104 2889 1137 2927 Ρ
