<?xml version="1.0" encoding="UTF-8"?>
<!DOCTYPE html PUBLIC "-//W3C//DTD XHTML 1.0 Transitional//EN"
    "http://www.w3.org/TR/xhtml1/DTD/xhtml1-transitional.dtd">
<html xmlns="http://www.w3.org/1999/xhtml" xml:lang="en" lang="en">
 <head>
  <title>
</title>
<meta http-equiv="Content-Type" content="text/html;charset=utf-8" />
  <meta name='ocr-system' content='tesseract 3.04.00' />
  <meta name='ocr-capabilities' content='ocr_page ocr_carea ocr_par ocr_line ocrx_word'/>
</head>
<body>
  <div class='ocr_page' id='page_1' title='image "./operapapinius12statuoft_0064.png"; bbox 0 0 1988 3106; ppageno 0'>
   <div class='ocr_carea' id='block_1_1' title="bbox 130 170 1275 226">
    <p class='ocr_par' dir='ltr' id='par_1_1' title="bbox 130 170 1275 226">
     <span class='ocr_line' id='line_1_1' title="bbox 130 170 1275 226; baseline 0.002 -13"><span class='ocrx_word' id='word_1_1' title='bbox 130 172 200 226; x_wconf 85' lang='lat'>38</span> <span class='ocrx_word' id='word_1_2' title='bbox 733 170 782 216; x_wconf 86' lang='lat' dir='ltr'>P.</span> <span class='ocrx_word' id='word_1_3' title='bbox 814 170 1042 215; x_wconf 82' lang='lat' dir='ltr'>PAPINII</span> <span class='ocrx_word' id='word_1_4' title='bbox 1073 170 1275 216; x_wconf 79' lang='lat' dir='ltr'>s&#39;rATn</span> 
     </span>
    </p>
   </div>
   <div class='ocr_carea' id='block_1_2' title="bbox 57 291 1967 2563">
    <p class='ocr_par' dir='ltr' id='par_1_2' title="bbox 128 291 1897 434">
     <span class='ocr_line' id='line_1_2' title="bbox 128 291 1897 362; baseline 0.001 -16"><span class='ocrx_word' id='word_1_5' title='bbox 128 293 403 346; x_wconf 73' lang='lat' dir='ltr'>Libertate</span> <span class='ocrx_word' id='word_1_6' title='bbox 442 292 615 345; x_wconf 90' lang='lat' dir='ltr'>doma.</span> <span class='ocrx_word' id='word_1_7' title='bbox 677 291 784 343; x_wconf 90' lang='lat' dir='ltr'>iam</span> <span class='ocrx_word' id='word_1_8' title='bbox 825 291 981 343; x_wconf 91' lang='lat' dir='ltr'>flendi</span> <span class='ocrx_word' id='word_1_9' title='bbox 1022 292 1232 359; x_wconf 87' lang='lat' dir='ltr'>expleta</span> <span class='ocrx_word' id='word_1_10' title='bbox 1269 293 1559 362; x_wconf 77' lang='lat' dir='ltr'>uoluptas?</span> <span class='ocrx_word' id='word_1_11' title='bbox 1842 309 1897 348; x_wconf 83' lang='lat'>15</span> 
     </span>
     <span class='ocr_line' id='line_1_3' title="bbox 128 364 1507 434; baseline 0.001 -16"><span class='ocrx_word' id='word_1_12' title='bbox 128 366 313 419; x_wconf 86' lang='lat' dir='ltr'>Iamne</span> <span class='ocrx_word' id='word_1_13' title='bbox 350 383 534 434; x_wconf 83' lang='lat' dir='ltr'>preces</span> <span class='ocrx_word' id='word_1_14' title='bbox 575 365 746 417; x_wconf 85' lang='lat' dir='ltr'>fessus</span> <span class='ocrx_word' id='word_1_15' title='bbox 785 382 896 416; x_wconf 89' lang='lat' dir='ltr'>non</span> <span class='ocrx_word' id='word_1_16' title='bbox 934 364 1228 434; x_wconf 90' lang='lat' dir='ltr'>indignaris</span> <span class='ocrx_word' id='word_1_17' title='bbox 1267 367 1507 419; x_wconf 81' lang='lat' dir='ltr'>amicas?</span> 
     </span>
    </p>

    <p class='ocr_par' dir='ltr' id='par_1_3' title="bbox 129 437 1757 580">
     <span class='ocr_line' id='line_1_4' title="bbox 130 437 1757 510; baseline 0.002 -18"><span class='ocrx_word' id='word_1_18' title='bbox 130 439 316 492; x_wconf 85' lang='lat' dir='ltr'>Iamne</span> <span class='ocrx_word' id='word_1_19' title='bbox 356 437 581 491; x_wconf 81' lang='lat' dir='ltr'>canam?</span> <span class='ocrx_word' id='word_1_20' title='bbox 643 437 876 490; x_wconf 83' lang='lat' dir='ltr'>lacrimis</span> <span class='ocrx_word' id='word_1_21' title='bbox 917 455 984 489; x_wconf 90' lang='lat' dir='ltr'>en</span> <span class='ocrx_word' id='word_1_22' title='bbox 1022 440 1076 489; x_wconf 88' lang='lat' dir='ltr'>et</span> <span class='ocrx_word' id='word_1_23' title='bbox 1112 456 1232 490; x_wconf 91' lang='lat' dir='ltr'>mea</span> <span class='ocrx_word' id='word_1_24' title='bbox 1270 440 1507 491; x_wconf 88' lang='lat' dir='ltr'>carmina</span> <span class='ocrx_word' id='word_1_25' title='bbox 1543 441 1601 493; x_wconf 91' lang='lat' dir='ltr'>in</span> <span class='ocrx_word' id='word_1_26' title='bbox 1638 442 1757 510; x_wconf 91' lang='lat' dir='ltr'>ipso</span> 
     </span>
     <span class='ocr_line' id='line_1_5' title="bbox 129 511 1558 580; baseline 0.001 -15"><span class='ocrx_word' id='word_1_27' title='bbox 129 514 233 566; x_wconf 93' lang='lat' dir='ltr'>Ore</span> <span class='ocrx_word' id='word_1_28' title='bbox 271 514 467 565; x_wconf 89' lang='lat' dir='ltr'>natant</span> <span class='ocrx_word' id='word_1_29' title='bbox 502 512 789 580; x_wconf 73' lang='lat' dir='ltr'>tristesque</span> <span class='ocrx_word' id='word_1_30' title='bbox 827 511 1026 563; x_wconf 87' lang='lat' dir='ltr'>cadunt</span> <span class='ocrx_word' id='word_1_31' title='bbox 1060 511 1117 563; x_wconf 91' lang='lat' dir='ltr'>in</span> <span class='ocrx_word' id='word_1_32' title='bbox 1153 512 1318 564; x_wconf 91' lang='lat' dir='ltr'>uerba</span> <span class='ocrx_word' id='word_1_33' title='bbox 1354 513 1558 567; x_wconf 88' lang='lat' dir='ltr'>liturae.</span> 
     </span>
    </p>

    <p class='ocr_par' dir='ltr' id='par_1_4' title="bbox 128 584 1899 797">
     <span class='ocr_line' id='line_1_6' title="bbox 128 584 1508 655; baseline -0.001 -16"><span class='ocrx_word' id='word_1_34' title='bbox 128 586 251 655; x_wconf 88' lang='lat' dir='ltr'>Ipse</span> <span class='ocrx_word' id='word_1_35' title='bbox 292 586 490 638; x_wconf 87' lang='lat' dir='ltr'>etenim</span> <span class='ocrx_word' id='word_1_36' title='bbox 527 588 703 637; x_wconf 88' lang='lat' dir='ltr'>tecum</span> <span class='ocrx_word' id='word_1_37' title='bbox 741 585 927 653; x_wconf 85' lang='lat' dir='ltr'>nigrae</span> <span class='ocrx_word' id='word_1_38' title='bbox 967 584 1245 637; x_wconf 86' lang='lat' dir='ltr'>sollemnia</span> <span class='ocrx_word' id='word_1_39' title='bbox 1281 604 1508 655; x_wconf 88' lang='lat' dir='ltr'>pompae</span> 
     </span>
     <span class='ocr_line' id='line_1_7' title="bbox 130 658 1899 729; baseline 0.001 -16"><span class='ocrx_word' id='word_1_40' title='bbox 130 659 541 729; x_wconf 82' lang='lat' dir='ltr'>Spectatumque</span> <span class='ocrx_word' id='word_1_41' title='bbox 579 659 700 710; x_wconf 89' lang='lat' dir='ltr'>urbi</span> <span class='ocrx_word' id='word_1_42' title='bbox 739 658 909 710; x_wconf 87' lang='lat' dir='ltr'>scelus</span> <span class='ocrx_word' id='word_1_43' title='bbox 949 660 1003 709; x_wconf 88' lang='lat' dir='ltr'>et</span> <span class='ocrx_word' id='word_1_44' title='bbox 1039 658 1241 726; x_wconf 87' lang='lat' dir='ltr'>puerile</span> <span class='ocrx_word' id='word_1_45' title='bbox 1279 659 1535 713; x_wconf 87' lang='lat' dir='ltr'>feretrum</span> <span class='ocrx_word' id='word_1_46' title='bbox 1842 677 1899 717; x_wconf 87' lang='lat'>20</span> 
     </span>
     <span class='ocr_line' id='line_1_8' title="bbox 130 730 1316 797; baseline -0.002 -11"><span class='ocrx_word' id='word_1_47' title='bbox 130 733 378 797; x_wconf 86' lang='lat' dir='ltr'>Produxi,</span> <span class='ocrx_word' id='word_1_48' title='bbox 419 749 608 784; x_wconf 89' lang='lat' dir='ltr'>saeuos</span> <span class='ocrx_word' id='word_1_49' title='bbox 635 730 886 783; x_wconf 73' lang='lat' dir='ltr'>,damnati</span> <span class='ocrx_word' id='word_1_50' title='bbox 923 731 1057 783; x_wconf 91' lang='lat' dir='ltr'>turis</span> <span class='ocrx_word' id='word_1_51' title='bbox 1097 749 1316 784; x_wconf 88' lang='lat' dir='ltr'>aceruos</span> 
     </span>
    </p>

    <p class='ocr_par' dir='ltr' id='par_1_5' title="bbox 128 805 1544 875">
     <span class='ocr_line' id='line_1_9' title="bbox 128 805 1544 875; baseline -0.001 -16"><span class='ocrx_word' id='word_1_52' title='bbox 128 806 542 875; x_wconf 92' lang='lat' dir='ltr'>Plorantemque</span> <span class='ocrx_word' id='word_1_53' title='bbox 583 805 816 856; x_wconf 87' lang='lat' dir='ltr'>animam</span> <span class='ocrx_word' id='word_1_54' title='bbox 855 822 1017 873; x_wconf 88' lang='lat' dir='ltr'>supra</span> <span class='ocrx_word' id='word_1_55' title='bbox 1057 823 1154 856; x_wconf 89' lang='lat' dir='ltr'>sua</span> <span class='ocrx_word' id='word_1_56' title='bbox 1191 805 1382 858; x_wconf 88' lang='lat' dir='ltr'>funera</span> <span class='ocrx_word' id='word_1_57' title='bbox 1419 807 1544 874; x_wconf 85' lang='lat' dir='ltr'>uidi,</span> 
     </span>
    </p>

    <p class='ocr_par' dir='ltr' id='par_1_6' title="bbox 129 878 1840 1022">
     <span class='ocr_line' id='line_1_10' title="bbox 129 878 1840 949; baseline 0.001 -16"><span class='ocrx_word' id='word_1_58' title='bbox 129 881 310 949; x_wconf 88' lang='lat' dir='ltr'>Teque</span> <span class='ocrx_word' id='word_1_59' title='bbox 349 882 565 948; x_wconf 90' lang='lat' dir='ltr'>patrum</span> <span class='ocrx_word' id='word_1_60' title='bbox 604 878 834 947; x_wconf 86' lang='lat' dir='ltr'>gemitus</span> <span class='ocrx_word' id='word_1_61' title='bbox 874 881 1215 946; x_wconf 85' lang='lat' dir='ltr'>superantem</span> <span class='ocrx_word' id='word_1_62' title='bbox 1256 883 1309 930; x_wconf 90' lang='lat' dir='ltr'>et</span> <span class='ocrx_word' id='word_1_63' title='bbox 1346 880 1568 932; x_wconf 89' lang='lat' dir='ltr'>brachia</span> <span class='ocrx_word' id='word_1_64' title='bbox 1606 884 1840 935; x_wconf 89' lang='lat' dir='ltr'>matrum</span> 
     </span>
     <span class='ocr_line' id='line_1_11' title="bbox 130 951 1671 1022; baseline 0 -15"><span class='ocrx_word' id='word_1_65' title='bbox 130 953 580 1022; x_wconf 85' lang='lat' dir='ltr'>Complexumque</span> <span class='ocrx_word' id='word_1_66' title='bbox 618 969 780 1020; x_wconf 92' lang='lat' dir='ltr'>rogos</span> <span class='ocrx_word' id='word_1_67' title='bbox 818 951 1101 1021; x_wconf 87' lang='lat' dir='ltr'>ignemque</span> <span class='ocrx_word' id='word_1_68' title='bbox 1140 951 1352 1004; x_wconf 91' lang='lat' dir='ltr'>haurire</span> <span class='ocrx_word' id='word_1_69' title='bbox 1390 957 1671 1021; x_wconf 89' lang='lat' dir='ltr'>parantem</span> 
     </span>
    </p>

    <p class='ocr_par' dir='ltr' id='par_1_7' title="bbox 129 1024 1967 1168">
     <span class='ocr_line' id='line_1_12' title="bbox 134 1024 1967 1093; baseline 0.002 -14"><span class='ocrx_word' id='word_1_70' title='bbox 134 1027 236 1080; x_wconf 87' lang='lat' dir='ltr'>Uix</span> <span class='ocrx_word' id='word_1_71' title='bbox 272 1027 422 1078; x_wconf 91' lang='lat' dir='ltr'>tenui</span> <span class='ocrx_word' id='word_1_72' title='bbox 462 1025 650 1078; x_wconf 88' lang='lat' dir='ltr'>similis</span> <span class='ocrx_word' id='word_1_73' title='bbox 691 1042 867 1077; x_wconf 88' lang='lat' dir='ltr'>comes</span> <span class='ocrx_word' id='word_1_74' title='bbox 907 1024 1205 1093; x_wconf 87' lang='lat' dir='ltr'>offendique</span> <span class='ocrx_word' id='word_1_75' title='bbox 1243 1026 1490 1080; x_wconf 87' lang='lat' dir='ltr'>tenendo.</span> <span class='ocrx_word' id='word_1_76' title='bbox 1844 1043 1899 1082; x_wconf 85' lang='lat'>25</span> <span class='ocrx_word' id='word_1_77' title='bbox 1964 1036 1967 1039; x_wconf 83' lang='lat'>&#39;</span> 
     </span>
     <span class='ocr_line' id='line_1_13' title="bbox 129 1097 1546 1168; baseline 0 -15"><span class='ocrx_word' id='word_1_78' title='bbox 129 1101 203 1153; x_wconf 86' lang='lat' dir='ltr'>Et</span> <span class='ocrx_word' id='word_1_79' title='bbox 241 1118 409 1168; x_wconf 82' lang='lat' dir='ltr'>nunc,</span> <span class='ocrx_word' id='word_1_80' title='bbox 447 1099 575 1166; x_wconf 83' lang='grc'>11611,</span> <span class='ocrx_word' id='word_1_81' title='bbox 614 1099 767 1150; x_wconf 89' lang='lat' dir='ltr'>uittis</span> <span class='ocrx_word' id='word_1_82' title='bbox 807 1101 861 1150; x_wconf 90' lang='lat' dir='ltr'>et</span> <span class='ocrx_word' id='word_1_83' title='bbox 897 1098 1091 1150; x_wconf 88' lang='lat' dir='ltr'>frontis</span> <span class='ocrx_word' id='word_1_84' title='bbox 1129 1097 1330 1151; x_wconf 88' lang='lat' dir='ltr'>honore</span> <span class='ocrx_word' id='word_1_85' title='bbox 1370 1101 1546 1153; x_wconf 89' lang='lat' dir='ltr'>soluto</span> 
     </span>
    </p>

    <p class='ocr_par' dir='ltr' id='par_1_8' title="bbox 128 1174 1420 1239">
     <span class='ocr_line' id='line_1_14' title="bbox 128 1174 1420 1239; baseline -0.001 -12"><span class='ocrx_word' id='word_1_86' title='bbox 128 1174 406 1227; x_wconf 85' lang='lat' dir='ltr'>Infaustus</span> <span class='ocrx_word' id='word_1_87' title='bbox 445 1176 598 1225; x_wconf 88' lang='lat' dir='ltr'>uates</span> <span class='ocrx_word' id='word_1_88' title='bbox 637 1189 770 1224; x_wconf 86' lang='lat' dir='ltr'>uexo</span> <span class='ocrx_word' id='word_1_89' title='bbox 810 1189 930 1223; x_wconf 90' lang='lat' dir='ltr'>mea</span> <span class='ocrx_word' id='word_1_90' title='bbox 966 1174 1184 1239; x_wconf 83' lang='lat' dir='ltr'>pectora</span> <span class='ocrx_word' id='word_1_91' title='bbox 1221 1175 1420 1226; x_wconf 87' lang='lat' dir='ltr'>tecum:</span> 
     </span>
    </p>

    <p class='ocr_par' dir='ltr' id='par_1_9' title="bbox 128 1244 1650 1317">
     <span class='ocr_line' id='line_1_15' title="bbox 128 1244 1650 1317; baseline 0.001 -18"><span class='ocrx_word' id='word_1_92' title='bbox 128 1248 335 1317; x_wconf 88' lang='lat' dir='ltr'>Plango</span> <span class='ocrx_word' id='word_1_93' title='bbox 373 1248 516 1314; x_wconf 87' lang='lat' dir='ltr'>lyra,</span> <span class='ocrx_word' id='word_1_94' title='bbox 557 1248 610 1296; x_wconf 93' lang='lat' dir='ltr'>et</span> <span class='ocrx_word' id='word_1_95' title='bbox 649 1244 750 1296; x_wconf 89' lang='lat' dir='ltr'>diri</span> <span class='ocrx_word' id='word_1_96' title='bbox 790 1245 1038 1297; x_wconf 90' lang='lat' dir='ltr'>comitem</span> <span class='ocrx_word' id='word_1_97' title='bbox 1078 1244 1384 1314; x_wconf 90' lang='lat' dir='ltr'>sociumque</span> <span class='ocrx_word' id='word_1_98' title='bbox 1425 1246 1650 1317; x_wconf 78' lang='lat' dir='ltr'>doloriS‚</span> 
     </span>
    </p>

    <p class='ocr_par' dir='ltr' id='par_1_10' title="bbox 132 1318 1347 1388">
     <span class='ocr_line' id='line_1_16' title="bbox 132 1318 1347 1388; baseline -0.002 -15"><span class='ocrx_word' id='word_1_99' title='bbox 132 1320 189 1373; x_wconf 80' lang='lat' dir='ltr'>Si</span> <span class='ocrx_word' id='word_1_100' title='bbox 228 1320 399 1373; x_wconf 91' lang='lat' dir='ltr'>merui</span> <span class='ocrx_word' id='word_1_101' title='bbox 437 1320 718 1387; x_wconf 90' lang='lat' dir='ltr'>luctusque</span> <span class='ocrx_word' id='word_1_102' title='bbox 757 1318 838 1370; x_wconf 90' lang='lat' dir='ltr'>tui</span> <span class='ocrx_word' id='word_1_103' title='bbox 878 1318 1147 1371; x_wconf 87' lang='lat' dir='ltr'>consortia</span> <span class='ocrx_word' id='word_1_104' title='bbox 1186 1319 1347 1388; x_wconf 89' lang='lat' dir='ltr'>sensi,</span> 
     </span>
    </p>

    <p class='ocr_par' dir='ltr' id='par_1_11' title="bbox 129 1391 1900 1534">
     <span class='ocr_line' id='line_1_17' title="bbox 129 1391 1900 1462; baseline 0.002 -16"><span class='ocrx_word' id='word_1_105' title='bbox 129 1394 245 1446; x_wconf 89' lang='lat' dir='ltr'>Iam</span> <span class='ocrx_word' id='word_1_106' title='bbox 282 1394 418 1445; x_wconf 88' lang='lat' dir='ltr'>lenis</span> <span class='ocrx_word' id='word_1_107' title='bbox 457 1393 664 1461; x_wconf 89' lang='lat' dir='ltr'>patiare</span> <span class='ocrx_word' id='word_1_108' title='bbox 703 1410 903 1459; x_wconf 90' lang='lat' dir='ltr'>precor.</span> <span class='ocrx_word' id='word_1_109' title='bbox 966 1409 1050 1444; x_wconf 89' lang='lat' dir='ltr'>me</span> <span class='ocrx_word' id='word_1_110' title='bbox 1088 1391 1313 1445; x_wconf 85' lang='lat' dir='ltr'>fulmine</span> <span class='ocrx_word' id='word_1_111' title='bbox 1350 1392 1406 1445; x_wconf 90' lang='lat' dir='ltr'>in</span> <span class='ocrx_word' id='word_1_112' title='bbox 1444 1393 1559 1462; x_wconf 79' lang='lat' dir='ltr'>ip‘so</span> <span class='ocrx_word' id='word_1_113' title='bbox 1843 1410 1900 1450; x_wconf 89' lang='lat'>30</span> 
     </span>
     <span class='ocr_line' id='line_1_18' title="bbox 130 1465 1433 1534; baseline -0.001 -15"><span class='ocrx_word' id='word_1_114' title='bbox 130 1467 397 1519; x_wconf 89' lang='lat' dir='ltr'>Audiuere</span> <span class='ocrx_word' id='word_1_115' title='bbox 436 1469 631 1534; x_wconf 82' lang='lat' dir='ltr'>patreS‚</span> <span class='ocrx_word' id='word_1_116' title='bbox 678 1482 776 1533; x_wconf 91' lang='lat' dir='ltr'>ego</span> <span class='ocrx_word' id='word_1_117' title='bbox 815 1465 965 1516; x_wconf 84' lang='lat' dir='ltr'>iuxta</span> <span class='ocrx_word' id='word_1_118' title='bbox 1002 1465 1161 1517; x_wconf 87' lang='lat' dir='ltr'>busta</span> <span class='ocrx_word' id='word_1_119' title='bbox 1198 1466 1433 1533; x_wconf 83' lang='lat' dir='ltr'>profusis</span> 
     </span>
    </p>

    <p class='ocr_par' dir='ltr' id='par_1_12' title="bbox 128 1537 1391 1607">
     <span class='ocr_line' id='line_1_19' title="bbox 128 1537 1391 1607; baseline -0.002 -14"><span class='ocrx_word' id='word_1_120' title='bbox 128 1541 393 1593; x_wconf 89' lang='lat' dir='ltr'>Matribus</span> <span class='ocrx_word' id='word_1_121' title='bbox 434 1542 592 1607; x_wconf 89' lang='lat' dir='ltr'>atque</span> <span class='ocrx_word' id='word_1_122' title='bbox 631 1538 734 1605; x_wconf 88' lang='lat' dir='ltr'>piis</span> <span class='ocrx_word' id='word_1_123' title='bbox 774 1537 940 1590; x_wconf 89' lang='lat' dir='ltr'>cecini</span> <span class='ocrx_word' id='word_1_124' title='bbox 981 1538 1172 1590; x_wconf 89' lang='lat' dir='ltr'>solatia</span> <span class='ocrx_word' id='word_1_125' title='bbox 1209 1539 1353 1591; x_wconf 89' lang='lat' dir='ltr'>natis</span> <span class='ocrx_word' id='word_1_126' title='bbox 1386 1540 1391 1545; x_wconf 86' lang='grc'><em>’</em></span> 
     </span>
    </p>

    <p class='ocr_par' dir='ltr' id='par_1_13' title="bbox 129 1611 1714 1756">
     <span class='ocr_line' id='line_1_20' title="bbox 129 1611 1714 1683; baseline 0.001 -16"><span class='ocrx_word' id='word_1_127' title='bbox 129 1614 204 1667; x_wconf 84' lang='lat' dir='ltr'>Et</span> <span class='ocrx_word' id='word_1_128' title='bbox 242 1613 394 1681; x_wconf 85' lang='lat' dir='ltr'>mihi,</span> <span class='ocrx_word' id='word_1_129' title='bbox 435 1630 555 1664; x_wconf 89' lang='lat' dir='ltr'>cum</span> <span class='ocrx_word' id='word_1_130' title='bbox 593 1611 834 1679; x_wconf 89' lang='lat' dir='ltr'>proprios</span> <span class='ocrx_word' id='word_1_131' title='bbox 874 1628 1141 1680; x_wconf 89' lang='lat' dir='ltr'>gemerem</span> <span class='ocrx_word' id='word_1_132' title='bbox 1181 1611 1417 1664; x_wconf 86' lang='lat' dir='ltr'>defectus</span> <span class='ocrx_word' id='word_1_133' title='bbox 1458 1613 1525 1665; x_wconf 91' lang='lat' dir='ltr'>ad</span> <span class='ocrx_word' id='word_1_134' title='bbox 1562 1614 1714 1683; x_wconf 86' lang='lat' dir='ltr'>ignes</span> 
     </span>
     <span class='ocr_line' id='line_1_21' title="bbox 130 1683 1639 1756; baseline 0.001 -17"><span class='ocrx_word' id='word_1_135' title='bbox 130 1686 348 1756; x_wconf 80' lang='lat' dir='ltr'>(Quem,</span> <span class='ocrx_word' id='word_1_136' title='bbox 388 1683 649 1753; x_wconf 73' lang='lat' dir='ltr'>Natural)</span> <span class='ocrx_word' id='word_1_137' title='bbox 689 1686 912 1752; x_wconf 89' lang='lat' dir='ltr'>patrem.</span> <span class='ocrx_word' id='word_1_138' title='bbox 971 1702 1070 1738; x_wconf 89' lang='lat' dir='ltr'>nec</span> <span class='ocrx_word' id='word_1_139' title='bbox 1107 1688 1163 1737; x_wconf 90' lang='lat' dir='ltr'>te</span> <span class='ocrx_word' id='word_1_140' title='bbox 1202 1685 1384 1755; x_wconf 91' lang='lat' dir='ltr'>lugere</span> <span class='ocrx_word' id='word_1_141' title='bbox 1425 1703 1639 1741; x_wconf 89' lang='lat' dir='ltr'>seuerus</span> 
     </span>
    </p>

    <p class='ocr_par' dir='ltr' id='par_1_14' title="bbox 127 1758 1959 1902">
     <span class='ocr_line' id='line_1_22' title="bbox 128 1758 1959 1828; baseline 0.002 -15"><span class='ocrx_word' id='word_1_142' title='bbox 128 1763 326 1828; x_wconf 86' lang='lat' dir='ltr'>Arce0‚</span> <span class='ocrx_word' id='word_1_143' title='bbox 365 1759 456 1812; x_wconf 90' lang='lat' dir='ltr'>sed</span> <span class='ocrx_word' id='word_1_144' title='bbox 497 1758 680 1810; x_wconf 88' lang='lat' dir='ltr'>confer</span> <span class='ocrx_word' id='word_1_145' title='bbox 718 1758 948 1827; x_wconf 89' lang='lat' dir='ltr'>gemitus</span> <span class='ocrx_word' id='word_1_146' title='bbox 986 1758 1289 1827; x_wconf 85' lang='lat' dir='ltr'>pariterque</span> <span class='ocrx_word' id='word_1_147' title='bbox 1326 1759 1562 1814; x_wconf 80' lang='lat' dir='ltr'>fleamus,</span> <span class='ocrx_word' id='word_1_148' title='bbox 1843 1776 1899 1817; x_wconf 90' lang='lat'>35</span> <span class='ocrx_word' id='word_1_149' title='bbox 1958 1774 1959 1779; x_wconf 78' lang='grc'>’</span> 
     </span>
     <span class='ocr_line' id='line_1_23' title="bbox 127 1830 1523 1902; baseline -0.001 -15"><span class='ocrx_word' id='word_1_150' title='bbox 127 1833 446 1887; x_wconf 87' lang='lat' dir='ltr'>Iamdudum</span> <span class='ocrx_word' id='word_1_151' title='bbox 484 1831 675 1900; x_wconf 89' lang='lat' dir='ltr'>dignos</span> <span class='ocrx_word' id='word_1_152' title='bbox 714 1831 889 1883; x_wconf 88' lang='lat' dir='ltr'>aditus</span> <span class='ocrx_word' id='word_1_153' title='bbox 927 1830 1248 1900; x_wconf 89' lang='lat' dir='ltr'>laudumque</span> <span class='ocrx_word' id='word_1_154' title='bbox 1285 1835 1523 1902; x_wconf 82' lang='lat' dir='ltr'>tuarum,</span> 
     </span>
    </p>

    <p class='ocr_par' dir='ltr' id='par_1_15' title="bbox 57 1904 1454 1974">
     <span class='ocr_line' id='line_1_24' title="bbox 57 1904 1454 1974; baseline -0.001 -14"><span class='ocrx_word' id='word_1_155' title='bbox 57 1909 64 1922; x_wconf 66' lang='lat'>²</span> <span class='ocrx_word' id='word_1_156' title='bbox 130 1907 173 1961; x_wconf 93' lang='grc' dir='ltr'>Ο</span> <span class='ocrx_word' id='word_1_157' title='bbox 213 1907 404 1960; x_wconf 91' lang='lat' dir='ltr'>merito</span> <span class='ocrx_word' id='word_1_158' title='bbox 445 1905 633 1957; x_wconf 89' lang='lat' dir='ltr'>dilecte</span> <span class='ocrx_word' id='word_1_159' title='bbox 670 1921 825 1972; x_wconf 83' lang='lat' dir='ltr'>puer,</span> <span class='ocrx_word' id='word_1_160' title='bbox 863 1904 1158 1972; x_wconf 89' lang='lat' dir='ltr'>primordia</span> <span class='ocrx_word' id='word_1_161' title='bbox 1195 1923 1454 1974; x_wconf 87' lang='lat' dir='ltr'>quaerens</span> 
     </span>
    </p>

    <p class='ocr_par' dir='ltr' id='par_1_16' title="bbox 129 1978 1545 2049">
     <span class='ocr_line' id='line_1_25' title="bbox 129 1978 1545 2049; baseline -0.001 -16"><span class='ocrx_word' id='word_1_162' title='bbox 129 1980 428 2033; x_wconf 87' lang='lat' dir='ltr'>Distrahor.</span> <span class='ocrx_word' id='word_1_163' title='bbox 488 1978 614 2030; x_wconf 90' lang='lat' dir='ltr'>hinc</span> <span class='ocrx_word' id='word_1_164' title='bbox 653 1978 780 2029; x_wconf 90' lang='lat' dir='ltr'>anni</span> <span class='ocrx_word' id='word_1_165' title='bbox 819 1980 1022 2030; x_wconf 90' lang='lat' dir='ltr'>stantes</span> <span class='ocrx_word' id='word_1_166' title='bbox 1061 1979 1118 2030; x_wconf 92' lang='lat' dir='ltr'>in</span> <span class='ocrx_word' id='word_1_167' title='bbox 1156 1979 1342 2032; x_wconf 92' lang='lat' dir='ltr'>limine</span> <span class='ocrx_word' id='word_1_168' title='bbox 1380 1980 1545 2049; x_wconf 87' lang='lat' dir='ltr'>uitae,</span> 
     </span>
    </p>

    <p class='ocr_par' dir='ltr' id='par_1_17' title="bbox 129 2051 1714 2122">
     <span class='ocr_line' id='line_1_26' title="bbox 129 2051 1714 2122; baseline 0.001 -15"><span class='ocrx_word' id='word_1_169' title='bbox 129 2053 269 2106; x_wconf 89' lang='lat' dir='ltr'>Hinc</span> <span class='ocrx_word' id='word_1_170' title='bbox 307 2071 392 2105; x_wconf 92' lang='lat' dir='ltr'>me</span> <span class='ocrx_word' id='word_1_171' title='bbox 430 2052 606 2104; x_wconf 86' lang='lat' dir='ltr'>forma</span> <span class='ocrx_word' id='word_1_172' title='bbox 643 2052 808 2119; x_wconf 88' lang='lat' dir='ltr'>rapit,</span> <span class='ocrx_word' id='word_1_173' title='bbox 847 2051 989 2119; x_wconf 90' lang='lat' dir='ltr'>rapit</span> <span class='ocrx_word' id='word_1_174' title='bbox 1026 2051 1148 2104; x_wconf 92' lang='lat' dir='ltr'>inde</span> <span class='ocrx_word' id='word_1_175' title='bbox 1187 2053 1450 2105; x_wconf 88' lang='lat' dir='ltr'>modestia</span> <span class='ocrx_word' id='word_1_176' title='bbox 1487 2073 1714 2122; x_wconf 86' lang='lat' dir='ltr'>praecox</span> 
     </span>
    </p>

    <p class='ocr_par' dir='ltr' id='par_1_18' title="bbox 128 2126 1898 2267">
     <span class='ocr_line' id='line_1_27' title="bbox 128 2126 1898 2195; baseline 0.002 -16"><span class='ocrx_word' id='word_1_177' title='bbox 128 2127 202 2180; x_wconf 90' lang='lat' dir='ltr'>Et</span> <span class='ocrx_word' id='word_1_178' title='bbox 238 2126 408 2195; x_wconf 90' lang='lat' dir='ltr'>pudor</span> <span class='ocrx_word' id='word_1_179' title='bbox 447 2128 501 2177; x_wconf 93' lang='lat' dir='ltr'>et</span> <span class='ocrx_word' id='word_1_180' title='bbox 537 2129 724 2178; x_wconf 89' lang='lat' dir='ltr'>tenero</span> <span class='ocrx_word' id='word_1_181' title='bbox 764 2126 1003 2193; x_wconf 87' lang='lat' dir='ltr'>grauitas</span> <span class='ocrx_word' id='word_1_182' title='bbox 1044 2126 1304 2178; x_wconf 89' lang='lat' dir='ltr'>maturior</span> <span class='ocrx_word' id='word_1_183' title='bbox 1341 2145 1487 2180; x_wconf 89' lang='lat' dir='ltr'>aeuo.</span> <span class='ocrx_word' id='word_1_184' title='bbox 1841 2143 1898 2184; x_wconf 84' lang='lat'>40</span> 
     </span>
     <span class='ocr_line' id='line_1_28' title="bbox 130 2198 1422 2267; baseline 0 -14"><span class='ocrx_word' id='word_1_185' title='bbox 130 2200 174 2253; x_wconf 92' lang='grc' dir='ltr'>Ο</span> <span class='ocrx_word' id='word_1_186' title='bbox 215 2200 308 2252; x_wconf 90' lang='lat' dir='ltr'>ubi</span> <span class='ocrx_word' id='word_1_187' title='bbox 345 2216 613 2267; x_wconf 92' lang='lat' dir='ltr'>purpureo</span> <span class='ocrx_word' id='word_1_188' title='bbox 655 2198 885 2250; x_wconf 85' lang='lat' dir='ltr'>suffusus</span> <span class='ocrx_word' id='word_1_189' title='bbox 926 2199 1186 2267; x_wconf 88' lang='lat' dir='ltr'>sanguine</span> <span class='ocrx_word' id='word_1_190' title='bbox 1224 2200 1422 2253; x_wconf 90' lang='lat' dir='ltr'>candor</span> 
     </span>
    </p>

    <p class='ocr_par' dir='ltr' id='par_1_19' title="bbox 130 2271 1406 2341">
     <span class='ocr_line' id='line_1_29' title="bbox 130 2271 1406 2341; baseline -0.001 -14"><span class='ocrx_word' id='word_1_191' title='bbox 130 2272 435 2341; x_wconf 85' lang='lat' dir='ltr'>Sidereique</span> <span class='ocrx_word' id='word_1_192' title='bbox 474 2272 631 2324; x_wconf 91' lang='lat' dir='ltr'>orbes</span> <span class='ocrx_word' id='word_1_193' title='bbox 669 2271 980 2340; x_wconf 90' lang='lat' dir='ltr'>radiataque</span> <span class='ocrx_word' id='word_1_194' title='bbox 1018 2272 1221 2324; x_wconf 90' lang='lat' dir='ltr'>lumina</span> <span class='ocrx_word' id='word_1_195' title='bbox 1260 2274 1406 2326; x_wconf 91' lang='lat' dir='ltr'>caelo</span> 
     </span>
    </p>

    <p class='ocr_par' dir='ltr' id='par_1_20' title="bbox 126 2344 1333 2414">
     <span class='ocr_line' id='line_1_30' title="bbox 126 2344 1333 2414; baseline -0.001 -15"><span class='ocrx_word' id='word_1_196' title='bbox 126 2346 201 2399; x_wconf 87' lang='lat' dir='ltr'>Et</span> <span class='ocrx_word' id='word_1_197' title='bbox 241 2347 534 2414; x_wconf 89' lang='lat' dir='ltr'>castigatae</span> <span class='ocrx_word' id='word_1_198' title='bbox 574 2344 801 2397; x_wconf 88' lang='lat' dir='ltr'>collecta</span> <span class='ocrx_word' id='word_1_199' title='bbox 839 2344 1102 2397; x_wconf 91' lang='lat' dir='ltr'>modestia</span> <span class='ocrx_word' id='word_1_200' title='bbox 1137 2345 1333 2399; x_wconf 86' lang='lat' dir='ltr'>frontis</span> 
     </span>
    </p>

    <p class='ocr_par' dir='ltr' id='par_1_21' title="bbox 126 2418 1448 2489">
     <span class='ocr_line' id='line_1_31' title="bbox 126 2418 1448 2489; baseline 0 -17"><span class='ocrx_word' id='word_1_201' title='bbox 126 2419 458 2489; x_wconf 88' lang='lat' dir='ltr'>Ingenuique</span> <span class='ocrx_word' id='word_1_202' title='bbox 499 2436 659 2486; x_wconf 89' lang='lat' dir='ltr'>super</span> <span class='ocrx_word' id='word_1_203' title='bbox 697 2418 869 2470; x_wconf 84' lang='lat' dir='ltr'>crines</span> <span class='ocrx_word' id='word_1_204' title='bbox 908 2419 1188 2487; x_wconf 90' lang='lat' dir='ltr'>mollisque</span> <span class='ocrx_word' id='word_1_205' title='bbox 1229 2419 1448 2472; x_wconf 88' lang='lat' dir='ltr'>decorae</span> 
     </span>
    </p>

    <p class='ocr_par' dir='ltr' id='par_1_22' title="bbox 127 2486 1958 2563">
     <span class='ocr_line' id='line_1_32' title="bbox 127 2486 1958 2563; baseline 0.001 -17"><span class='ocrx_word' id='word_1_206' title='bbox 127 2493 317 2563; x_wconf 85' lang='lat' dir='ltr'>Margo</span> <span class='ocrx_word' id='word_1_207' title='bbox 357 2491 576 2545; x_wconf 75' lang='lat' dir='ltr'>comae?</span> <span class='ocrx_word' id='word_1_208' title='bbox 636 2491 848 2543; x_wconf 88' lang='lat' dir='ltr'>blandis</span> <span class='ocrx_word' id='word_1_209' title='bbox 887 2491 1107 2544; x_wconf 87' lang='lat' dir='ltr'>ubinam</span> <span class='ocrx_word' id='word_1_210' title='bbox 1146 2510 1240 2544; x_wconf 89' lang='lat' dir='ltr'>ora</span> <span class='ocrx_word' id='word_1_211' title='bbox 1277 2495 1469 2561; x_wconf 88' lang='lat' dir='ltr'>arguta</span> <span class='ocrx_word' id='word_1_212' title='bbox 1506 2496 1735 2562; x_wconf 89' lang='lat' dir='ltr'>querelis</span> <span class='ocrx_word' id='word_1_213' title='bbox 1841 2509 1898 2548; x_wconf 85' lang='lat'>45</span> <span class='ocrx_word' id='word_1_214' title='bbox 1951 2486 1958 2498; x_wconf 82' lang='grc'>’</span> 
     </span>
    </p>
   </div>
   <div class='ocr_carea' id='block_1_3' title="bbox 1944 0 1988 2674">
    <p class='ocr_par' dir='ltr' id='par_1_23' title="bbox 1944 0 1988 2674">
     <span class='ocr_line' id='line_1_33' title="bbox 1944 0 1988 2674; baseline 0 0"><span class='ocrx_word' id='word_1_215' title='bbox 1944 0 1988 2674; x_wconf 95' lang='lat' dir='ltr'> </span> 
     </span>
    </p>
   </div>
   <div class='ocr_carea' id='block_1_4' title="bbox 126 2670 1967 2916">
    <p class='ocr_par' dir='ltr' id='par_1_24' title="bbox 126 2670 1967 2916">
     <span class='ocr_line' id='line_1_34' title="bbox 246 2670 1967 2770; baseline 0.001 -31"><span class='ocrx_word' id='word_1_216' title='bbox 246 2700 301 2739; x_wconf 84' lang='grc'>16</span> <span class='ocrx_word' id='word_1_217' title='bbox 332 2695 488 2738; x_wconf 90' lang='lat' dir='ltr'>Iamne</span> <span class='ocrx_word' id='word_1_218' title='bbox 520 2697 578 2738; x_wconf 78' lang='lat' dir='ltr'>A:</span> <span class='ocrx_word' id='word_1_219' title='bbox 610 2670 800 2750; x_wconf 86' lang='lat' dir='ltr'>Iamque</span> <span class='ocrx_word' id='word_1_220' title='bbox 833 2695 979 2749; x_wconf 76' lang='grc'>01120</span> <span class='ocrx_word' id='word_1_221' title='bbox 1010 2698 1121 2749; x_wconf 81' lang='lat' dir='ltr'>puto</span> <span class='ocrx_word' id='word_1_222' title='bbox 1152 2694 1257 2739; x_wconf 89' lang='lat' dir='ltr'>urbi</span> <span class='ocrx_word' id='word_1_223' title='bbox 1287 2694 1426 2739; x_wconf 89' lang='lat' dir='ltr'>decus</span> <span class='ocrx_word' id='word_1_224' title='bbox 1444 2696 1466 2750; x_wconf 80' lang='grc'>11</span> <span class='ocrx_word' id='word_1_225' title='bbox 1503 2701 1558 2739; x_wconf 82' lang='lat'>27</span> <span class='ocrx_word' id='word_1_226' title='bbox 1591 2710 1708 2740; x_wconf 85' lang='lat' dir='ltr'>uexo</span> <span class='ocrx_word' id='word_1_227' title='bbox 1739 2697 1899 2741; x_wconf 86' lang='lat' dir='ltr'><strong><em>Dom..·</em></strong></span> <span class='ocrx_word' id='word_1_228' title='bbox 1952 2676 1967 2770; x_wconf 60' lang='lat'>[3</span> 
     </span>
     <span class='ocr_line' id='line_1_35' title="bbox 126 2751 1965 2810; baseline 0.001 -12"><span class='ocrx_word' id='word_1_229' title='bbox 126 2768 262 2798; x_wconf 84' lang='lat' dir='ltr'>uersa</span> <span class='ocrx_word' id='word_1_230' title='bbox 293 2758 321 2796; x_wconf 82' lang='lat' dir='ltr'>c</span> <span class='ocrx_word' id='word_1_231' title='bbox 351 2767 484 2797; x_wconf 88' lang='lat' dir='ltr'>uerso</span> <span class='ocrx_word' id='word_1_232' title='bbox 518 2757 547 2797; x_wconf 82' lang='grc' dir='ltr'><strong><em>ς</em></strong></span> <span class='ocrx_word' id='word_1_233' title='bbox 580 2768 607 2795; x_wconf 81' lang='lat' dir='ltr'>a</span> <span class='ocrx_word' id='word_1_234' title='bbox 644 2754 659 2808; x_wconf 84' lang='grc' dir='ltr'>ΙΙ</span> <span class='ocrx_word' id='word_1_235' title='bbox 699 2756 754 2795; x_wconf 79' lang='grc'>28</span> <span class='ocrx_word' id='word_1_236' title='bbox 788 2751 852 2810; x_wconf 92' lang='lat' dir='ltr'>et]</span> <span class='ocrx_word' id='word_1_237' title='bbox 885 2754 935 2796; x_wconf 89' lang='lat' dir='ltr'>at</span> <span class='ocrx_word' id='word_1_238' title='bbox 965 2752 1096 2797; x_wconf 88' lang='lat' dir='ltr'>Dom.</span> <span class='ocrx_word' id='word_1_239' title='bbox 1138 2767 1194 2796; x_wconf 90' lang='lat' dir='ltr'>en</span> <span class='ocrx_word' id='word_1_240' title='bbox 1229 2753 1401 2797; x_wconf 79' lang='lat' dir='ltr'>Markl.</span> <span class='ocrx_word' id='word_1_241' title='bbox 1438 2756 1443 2807; x_wconf 95' lang='grc' dir='ltr'>Ι</span> <span class='ocrx_word' id='word_1_242' title='bbox 1483 2754 1570 2797; x_wconf 82' lang='grc'>(1111</span> <span class='ocrx_word' id='word_1_243' title='bbox 1604 2758 1632 2798; x_wconf 85' lang='grc' dir='ltr'>ς</span> <span class='ocrx_word' id='word_1_244' title='bbox 1665 2770 1715 2798; x_wconf 78' lang='lat' dir='ltr'>a:</span> <span class='ocrx_word' id='word_1_245' title='bbox 1758 2755 1839 2799; x_wconf 81' lang='lat' dir='ltr'>diu</span> <span class='ocrx_word' id='word_1_246' title='bbox 1869 2760 1898 2798; x_wconf 77' lang='grc'><strong>0</strong></span> <span class='ocrx_word' id='word_1_247' title='bbox 1956 2771 1965 2789; x_wconf 72' lang='lat'>1¹</span> 
     </span>
     <span class='ocr_line' id='line_1_36' title="bbox 126 2811 1897 2916; baseline 0.001 -60"><span class='ocrx_word' id='word_1_248' title='bbox 126 2813 436 2916; x_wconf 51' lang='lat' dir='ltr'>gaqricllgarkl.</span> <span class='ocrx_word' id='word_1_249' title='bbox 475 2813 491 2867; x_wconf 83' lang='grc' dir='ltr'>ΙΙ</span> <span class='ocrx_word' id='word_1_250' title='bbox 529 2816 586 2855; x_wconf 90' lang='grc'>30</span> <span class='ocrx_word' id='word_1_251' title='bbox 619 2825 691 2855; x_wconf 83' lang='grc'>1116</span> <span class='ocrx_word' id='word_1_252' title='bbox 724 2811 879 2855; x_wconf 76' lang='grc' dir='ltr'><strong><em>Βοηι..·</em></strong></span> <span class='ocrx_word' id='word_1_253' title='bbox 910 2811 1004 2855; x_wconf 87' lang='lat' dir='ltr'>iam</span> <span class='ocrx_word' id='word_1_254' title='bbox 1036 2816 1064 2853; x_wconf 81' lang='grc' dir='ltr'><strong>Ο</strong></span> <span class='ocrx_word' id='word_1_255' title='bbox 1096 2826 1123 2853; x_wconf 85' lang='lat' dir='ltr'>a</span> <span class='ocrx_word' id='word_1_256' title='bbox 1156 2813 1172 2867; x_wconf 79' lang='grc' dir='ltr'>ΙΙ</span> <span class='ocrx_word' id='word_1_257' title='bbox 1203 2816 1260 2855; x_wconf 90' lang='grc'>40</span> <span class='ocrx_word' id='word_1_258' title='bbox 1292 2813 1497 2868; x_wconf 85' lang='lat' dir='ltr'>grauitas</span> <span class='ocrx_word' id='word_1_259' title='bbox 1526 2814 1691 2869; x_wconf 79' lang='lat' dir='ltr'>scripsi</span> <span class='ocrx_word' id='word_1_260' title='bbox 1701 2831 1713 2855; x_wconf 87' lang='lat'>.·</span> <span class='ocrx_word' id='word_1_261' title='bbox 1743 2813 1897 2870; x_wconf 90' lang='lat' dir='ltr'>probi-</span> 
     </span>
    </p>
   </div>
  </div>
 </body>
</html>
