1988 3106
645 184 952 255 SILUARUM
983 184 1033 229 L.
1067 183 1102 241 Ι,
1134 189 1176 229 4.
1724 183 1797 237 25

33 307 285 363 Gallicus.
361 305 450 360 enl
490 305 638 359 caelo
678 303 840 357 diue's
885 303 1202 357 Germanice
1240 304 1385 358 cordi

29 379 224 511 §Quis
225 376 469 450 neget?):
510 378 722 431 erubuit
758 380 909 430 tanto
949 378 1178 461 spoliare
1218 377 1466 432 ministro
1772 393 1798 433 5

59 454 320 523 mperium
358 451 595 505 Fortuna
631 454 797 504 tuum.
875 454 983 503 stat
1019 451 1262 519 proxima
1299 453 1477 505 ceruix

31 523 290 585 Ponderis
330 525 578 579 immensi
617 524 981 593 damnosaque
1019 524 1111 577 fila
1151 528 1393 578 senectae

30 587 197 667 filxuit
235 602 394 669 atque
433 598 566 652 alios
605 598 793 650 melior
831 598 1106 651 reuirescit
1143 597 1198 649 in
1239 616 1424 652 annos.

41 687 60 718 ὀ
83 691 182 745 rgo
222 673 452 757 alacres,
491 689 626 740 quae
667 671 820 741 signa
859 671 1043 724 colunt
1080 671 1312 739 urbana,
1350 671 1618 741 cohortes,

53 765 203 817 que
245 747 420 799 sinum
458 762 592 815 quae
633 763 790 813 saepe
829 748 981 797 tuum
1021 744 1137 797 fora
1174 714 1387 797 turbida
1426 748 1618 815 questu
1748 759 1803 798 ιο

79 819 393 890 onfugiunt,
429 835 582 888 reges
621 818 882 887 urbesque
921 818 1239 887 ubicumque
1279 819 1507 887 locatae,

30 900 179 965 ffuae
216 896 311 946 tua
348 892 656 962 longinquis
696 892 992 960 implorant
1029 892 1146 943 iura
1185 892 1437 961 quereliS,

31 962 256 1021 ‘ertent
292 965 523 1034 laetitia,
562 983 660 1018 uos
699 968 884 1033 terque
924 982 987 1017 ex
1027 965 1233 1032 ordine,
1272 966 1447 1034 collis,

80 1039 384 1108 onfremite,
424 1041 478 1092 et
517 1038 712 1092 sileant
748 1038 944 1107 peioris
985 1056 1260 1091 murmura
1297 1038 1498 1092 famae!

32 1115 237 1183 uippe
277 1115 462 1166 manet
498 1111 826 1182 longumque
866 1130 998 1165 aeuo
1037 1112 1288 1164 redeunte
1328 1113 1588 1182 manebit,
1751 1128 1804 1165 15

35 1193 204 1255 {luem
242 1204 406 1255 penes
444 1185 741 1254 intrepidae
781 1186 926 1237 mitis
967 1186 1209 1238 custodia
1246 1185 1463 1239 Romae.

35 1266 150 1323 fec
186 1263 399 1313 tantum
436 1259 712 1312 induerint
748 1259 875 1311 fatis
914 1276 1058 1311 noua
1097 1259 1310 1311 saecula
1348 1260 1546 1312 crimen

32 1334 41 1338 ’
89 1337 151 1387 ut
187 1333 471 1387 instaurati
509 1333 811 1400 peccauerit
850 1350 942 1384 ara
979 1331 1215 1384 Tarenti.

36 1444 65 1467 ψ
90 1412 142 1461 st
179 1423 279 1477 ego
318 1424 417 1459 nec
454 1404 754 1473 Phoebum,
793 1423 1113 1474 quamquam
1154 1405 1284 1457 mihi
1326 1406 1486 1458 surda
1525 1407 1641 1459 sine
1680 1406 1777 1459 illo

35 1487 44 1507 '³
58 1538 61 1539 ⁷
82 1481 271 1548 lectra,
309 1497 409 1532 nec
447 1478 651 1532 Aonias
691 1478 895 1531 decima
932 1496 1051 1531 cum
1092 1478 1310 1531 Pallade
1351 1479 1503 1532 diuas
1751 1493 1807 1533 20

32 1568 37 1579 ’
89 1557 151 1607 ut
187 1554 373 1606 mitem
401 1551 622 1636 ‘Tegeae
659 1551 915 1605 Dircesue
954 1552 1212 1604 hortabor
1252 1553 1547 1606 alumnum:

34 1637 161 1697 J·se
199 1627 322 1679 ueni
359 1626 604 1695 uiresque
642 1643 810 1678 nouas
851 1626 1190 1709 animumque
1228 1626 1497 1694 ministra,

32 1699 146 1753 ἰιι
185 1699 416 1768 caneris3
456 1699 643 1752 doctor
679 1717 777 1751 nec
817 1699 959 1751 enim
1000 1699 1111 1750 sine
1150 1699 1370 1751 numine
1409 1703 1594 1752 tantus

41 1770 314 1834 Ausoniae
353 1773 546 1826 decora
583 1773 762 1841 ampla
797 1775 956 1855 togae
995 1775 1314 1841 centumque
1352 1772 1546 1827 dedisti

41 1839 302 1905 Iudicium
342 1849 681 1914 mentemque
719 1846 864 1898 uiriS.
940 1846 1064 1898 licet
1103 1845 1298 1898 enthea
1336 1846 1478 1899 uatis
1755 1861 1809 1900 25

42 1918 310 1975 Excludat
344 1919 590 1988 Pimplea
629 1919 774 1972 sitim
812 1937 910 1972 nec
948 1919 1162 1972 conscia
1200 1918 1354 1971 detur

43 1993 257 2047 Pirene.
294 1994 476 2063 largos
515 1995 758 2062 promtus
797 1993 929 2044 mihi
969 2009 1163 2061 gurges
1201 1992 1259 2045 in
1297 1987 1545 2061 haustuS,

46 2067 149 2130 Qui
187 2067 414 2136 rapitur
434 2067 498 2119 de
537 2066 686 2119 fonte
723 2069 841 2134 tu0,
883 2084 974 2118 seu
1013 2067 1175 2134 plana
1215 2066 1406 2118 solutis

48 2139 222 2203 Quom
261 2139 425 2193 struis
465 2157 590 2192 orsa
627 2138 798 2191 modis
839 2157 931 2192 seu
971 2157 1131 2207 quom
1169 2139 1269 2191 tibi
1309 2139 1477 2192 dulcis
1509 2140 1567 2191 in
1607 2144 1782 2192 artum

34 2209 338 2284 :Frangitur
375 2215 430 2266 et
466 2215 680 2266 nostras
720 2216 871 2265 curat
910 2211 1158 2264 facundia
1195 2212 1357 2280 leges⁸
1757 2229 1813 2267 30

166 2423 196 2462 4
233 2418 284 2462 et
320 2416 448 2462 caelo
480 2415 610 2460 diues
647 2415 799 2460 Germ
832 2419 860 2457 c
885 2430 925 2471 a,
963 2416 1152 2459 correxi.
1191 2428 1238 2458 es
1269 2415 1412 2471 caelo,
1455 2414 1526 2460 dis
1559 2429 1606 2459 es
1636 2416 1768 2461 Dom.
1802 2426 1815 2474 {5

139 2478 355 2534 questum
388 2474 558 2519 Markl.
591 2474 608 2530 ΙΙ
644 2479 694 2517 11
721 2475 848 2531 leges
880 2488 923 2517 u.
954 2488 997 2516 ιι.
1030 2476 1220 2530 rogatae
1253 2478 1281 2515 0
1312 2489 1339 2516 a
1370 2475 1480 2527 (nisi
1508 2475 1629 2531 quod
1658 2491 1686 2518 a
1717 2490 1816 2519 cum

113 2536 338 2592 togatae),
371 2534 573 2586 correoei;
603 2534 679 2577 sed
708 2534 899 2586 scotasse
915 2537 1123 2587 praestat
1152 2546 1372 2588 regesque
1403 2535 1418 2588 ΙΙ
1453 2538 1505 2576 13
1538 2533 1726 2578 Certent
1756 2539 1814 2578 A:

117 2595 242 2638 rtant
272 2598 301 2636 0
328 2595 335 2649 Ι
361 2606 444 2637 uos
475 2594 636 2648 terque
666 2591 885 2635 Nohlius:
915 2594 1160 2647 nosterque
1190 2595 1228 2632 A
1258 2605 1457 2647 noseque
1489 2593 1562 2635 uel
1590 2606 1816 2648 nosceque

113 2667 196 2755 ει
228 2651 685 2764 “eszsnn'zzfisl
706 2649 1654 2761 soiisfsssstzi's&sagas-ms}
1680 2652 1817 2754 30ιὲ

113 2784 141 2812 a
170 2723 331 2813 diligi-o
364 2767 536 2812 Markl.
569 2769 584 2822 ΙΙ
622 2772 677 2810 26
711 2767 871 2822 piplea
900 2771 958 2809 A:
990 2767 1146 2822 piplea
1178 2771 1205 2808 C
1242 2770 1258 2822 11
1296 2771 1350 2809 27
1391 2724 1599 2822 promtdjs
1629 2770 1817 2823 scripsi:

48 2867 50 2869 ,
115 2829 208 2873 tius
239 2832 268 2870 0
299 2829 493 2883 a,potus
523 2826 800 2875 Remeat-ius
830 2825 982 2881 potior
1012 2825 1073 2868 Ν.
1107 2825 1260 2868 Faber
1282 2827 1297 2880 ΙΙ
1322 2830 1375 2869 29
1410 2825 1556 2878 Quom
1589 2852 1644 2858 —
1677 2841 1818 2882 quom

48 2830 114 3106 ξ
146 2886 235 2939 Qui
265 2886 355 2941 (uel
387 2884 639 2939 Construis)
672 2909 726 2915 —
759 2897 898 2940 quam
930 2888 958 2924 c
994 2888 999 2937 Ι
1034 2886 1180 2927 artem
1214 2888 1241 2925 c
1273 2899 1312 2938 a,
1346 2897 1457 2927 corr.
1490 2885 1715 2929 Barthius
