1956 3086
659 205 968 252 s1LUARuM
1000 206 1049 250 L.
1082 206 1117 262 1,
1150 210 1188 250 1.
1784 205 1813 256 7

53 326 231 381 Fluxit
271 326 441 397 opus?
483 325 673 380 Siculis
714 343 784 378 an
823 325 1159 378 conformata
1196 325 1419 378 caminis

52 398 275 470 Effigies
313 401 514 453 lassum
553 398 830 468 Steropem
868 397 1228 468 Brontemque
1267 398 1518 468 reliquit}>

38 471 140 526 ·An
180 476 232 526 te
271 471 543 527 Palladiae
580 472 760 541 talem,
798 470 1135 540 Germanice,
1173 470 1328 524 nobis
1789 484 1815 524 5

51 545 318 600 Effinxere
358 563 566 614 manus,
606 546 818 615 qualem
858 545 1016 598 modo
1056 545 1209 597 frena
1247 547 1519 597 tenentem

51 618 272 673 Rhenus
310 622 364 673 et
403 619 618 672 attoniti
658 618 794 671 uidit
831 618 1019 671 domus
1058 618 1223 671 ardua
1261 616 1432 671 Daci?

51 690 208 747 Nunc
249 710 346 762 age
383 689 532 746 fama
569 692 714 761 prior
751 694 939 745 notum
979 709 1072 760 per
1110 691 1321 744 saecula
1358 708 1557 745 nomen

51 763 310 819 Dardanii
346 766 566 820 miretur
603 766 738 834 equi,
777 765 862 817 cui
901 765 1096 817 uertice
1137 782 1286 818 sacro

52 837 364 909 Dindymon
401 841 455 893 et
492 839 659 892 caesis
699 838 934 891 decreuit
978 837 1258 891 frondibus
1297 836 1403 890 Ide.
1766 851 1818 891 ιο

51 911 209 966 Hunc
246 930 419 982 neque
458 911 692 966 discissis
731 912 999 980 cepissent
1037 911 1300 980 Pergama
1338 911 1528 980 muris;

50 983 165 1038 Nec
204 1002 366 1057 grege
403 986 667 1055 permixto
705 985 855 1054 pueri
894 986 1254 1054 innuptaeque
1294 985 1525 1053 puellae,

50 1056 172 1127 Ipse
210 1077 307 1112 nec
344 1058 556 1112 Aeneas
594 1076 690 1112 nec
728 1074 955 1127 magnus
995 1058 1211 1111 duceret
1248 1057 1464 1111 Hector.

50 1131 204 1184 Adde
244 1132 386 1202 quod
424 1133 514 1185 ille
551 1149 752 1185 nocens
793 1149 1089 1201 saeuosque
1129 1131 1406 1200 amplexus
1445 1131 1706 1199 Achiuos,

50 1203 211 1259 Hunc
248 1205 393 1258 mitis
433 1205 773 1259 commendat
810 1223 987 1275 eques.
1063 1205 1214 1258 iuuat
1253 1223 1348 1258 ora
1385 1205 1523 1258 tueri
1765 1218 1818 1258 15

51 1277 222 1331 Mixta
259 1279 401 1333 notis
439 1279 568 1332 belli
605 1278 973 1347 placidamque
1012 1278 1252 1347 gerentia
1290 1295 1489 1347 pacem.

50 1349 166 1406 Nec
203 1352 344 1405 ueris
384 1352 588 1405 maiora
626 1355 804 1420 putes:
843 1370 942 1420 par
978 1350 1153 1404 forma
1191 1351 1466 1421 decorque,

49 1421 156 1479 Par
190 1425 377 1479 honor.
453 1443 517 1478 ex
554 1425 723 1477 uastis
761 1423 990 1477 Martem
1030 1442 1140 1477 non
1180 1426 1339 1477 altius
1379 1424 1542 1478 armis

49 1494 326 1552 Bistonius
365 1500 547 1568 portat
585 1498 799 1567 sonipes
839 1515 1141 1568 magnoque
1181 1498 1422 1567 superbit

50 1563 292 1626 Pondere
330 1589 429 1625 nec
465 1571 620 1625 tardo
659 1573 844 1640 raptus
884 1589 1049 1640 prope
1087 1571 1308 1624 flumina
1338 1589 1495 1625 cursu
1763 1586 1819 1625 20

49 1642 248 1699 Fumat
285 1647 339 1698 et
375 1645 584 1715 ingenti
622 1645 871 1713 propellit
910 1643 1201 1713 Strymona
1239 1645 1384 1697 flatu.

51 1714 157 1771 Par
195 1718 342 1787 operi
382 1718 546 1772 sedes.
620 1718 743 1770 hinc
784 1718 943 1771 obuia
981 1718 1167 1771 limina
1204 1718 1405 1787 pandit,

52 1790 156 1854 Qui
194 1791 368 1845 fessus
407 1791 564 1844 bellis
604 1791 836 1844 adscitae
876 1809 1095 1843 munere
1134 1792 1300 1860 prolis

50 1862 263 1918 Primus
300 1865 404 1918 iter
440 1865 641 1918 nostris
682 1864 916 1917 ostendit
953 1866 1009 1917 in
1049 1865 1266 1917 aethera
1305 1866 1456 1919 diuis

51 1935 291 1991 Discitur
329 1955 357 1991 e
394 1938 564 2006 uultu,
603 1941 864 2007 quantum
902 1940 962 1990 tu
1000 1939 1181 1991 mitior
1219 1939 1405 2007 armiS‚
1762 1952 1818 1992 25

53 2010 157 2073 Qui
194 2029 291 2064 nec
328 2012 387 2064 in
425 2014 671 2064 externos
708 2012 881 2064 facilis
921 2012 1123 2064 saeuire
1161 2012 1368 2065 furores

53 2083 164 2137 Das
204 2082 376 2137 Cattis
414 2083 680 2154 Dacisque
723 2085 895 2137 fidem.
970 2088 1023 2137 te
1070 2085 1225 2154 signa
1262 2086 1465 2141 ferente

52 2156 128 2210 Et
164 2157 340 2210 minor
376 2158 434 2211 in
469 2158 615 2227 leges
654 2158 756 2209 iret
794 2175 957 2227 gener
994 2161 1048 2210 et
1085 2156 1219 2210 Cato
1258 2159 1419 2227 paciS.

54 2229 132 2283 At
167 2231 397 2283 laterum
434 2248 624 2299 passus
664 2230 789 2283 hinc
827 2230 965 2282 Iulia
1000 2234 1142 2283 tecta
1178 2234 1414 2298 tuentur,

53 2301 210 2357 Illinc
247 2304 487 2374 belligeri
527 2303 770 2356 sublimis
808 2304 957 2373 regia
994 2303 1162 2357 Pauli.
1761 2320 1818 2358 30

54 2371 233 2447 Terga
269 2380 423 2446 pater
458 2377 762 2446 blandoque
800 2377 946 2429 uidet
984 2375 1282 2430 Concordia
1319 2379 1486 2431 uultu.

53 2443 178 2518 Ipse
217 2453 396 2503 autem
433 2469 568 2519 puro
607 2451 806 2503 celsum
845 2453 1006 2519 caput
1044 2469 1163 2504 aere
1203 2454 1419 2520 saeptus

177 2671 232 2711 10
271 2666 351 2710 Ide
389 2670 446 2710 A:
485 2666 594 2710 iden
634 2671 662 2708 0
692 2668 708 2723 ΙΙ
740 2671 792 2710 11
828 2667 1045 2712 discussis
1078 2672 1107 2712 ς
1131 2670 1147 2725 ΙΙ
1171 2673 1225 2713 18
1259 2682 1314 2712 ex
1345 2669 1489 2713 uastis
1518 2670 1705 2725 scripsi:
1741 2685 1817 2714 ex-

54 2721 235 2770 haustis
273 2729 302 2768 0
324 2739 353 2768 a
388 2724 537 2770 exutis
576 2725 798 2770 Heinsius
827 2727 842 2781 ΙΙ
877 2731 933 2770 20
971 2740 1057 2770 nec
1095 2729 1228 2771 tanto
1263 2730 1423 2783 raptus
1454 2727 1701 2772 Geuartius
1723 2731 1739 2784 {l
1761 2734 1817 2773 23

56 2782 262 2828 adscitae
294 2787 323 2828 ς
334 2801 344 2827 =
376 2783 592 2828 adsectae
626 2785 712 2839 (ita
741 2787 783 2837 a)
815 2785 887 2828 uel
918 2785 1129 2829 adsertae
1162 2791 1189 2827 0
1220 2787 1314 2840 {125
1346 2786 1550 2830 Discitur
1581 2791 1638 2830 A:
1671 2787 1820 2831 Discit

0 2859 9 2905 2
57 2843 106 2887 et
137 2846 165 2884 0
188 2843 204 2898 ΙΙ
226 2846 281 2886 27
315 2841 462 2887 Cattis
496 2845 547 2885 ςε
581 2842 727 2898 captis
760 2847 831 2885 Ga
853 2845 868 2898 ΙΙ
892 2848 947 2887 28
979 2843 1104 2899 pacis
1134 2846 1297 2900 scripsi
1328 2846 1355 2887 l.
1382 2846 1409 2888 l.
1427 2859 1477 2901 p.
1504 2849 1626 2890 252:
1658 2846 1818 2890 castris

57 2902 86 2942 0
104 2915 130 2942 a
159 2901 305 2945 iustas
337 2900 533 2945 C'ruceus
564 2903 718 2944 castus
747 2901 1014 2946 Bur-siamus
