1976 3126
223 167 334 221 346
794 164 844 211 P.
876 163 1105 208 PAPINII
1136 163 1336 209 STATII

220 288 546 358 Hospitibus
586 287 744 339 tectis
783 288 975 338 trunco
1017 302 1265 338 sermone
1303 284 1576 354 volucreS‚

220 362 358 416 Cum
400 362 638 430 duplices
669 360 1034 412 thalamoset
1064 359 1308 427 iniquum
1340 358 1508 411 Terea
1539 359 1792 413 clamant.
1824 372 1910 413 480

294 435 443 489 Urbe
482 435 586 487 fuit
625 434 800 487 media
837 432 976 486 nulli
1015 451 1272 486 concessa
1309 435 1592 503 potentum

220 510 334 563 Ara
374 510 558 579 deum,
597 509 748 562 mitis
787 507 972 577 posuit
1012 505 1315 560 Clementia
1354 507 1556 575 sedem,

220 585 296 638 Et
335 583 521 637 miseri
559 583 734 636 fecere
776 599 1011 650 sacram3
1053 582 1167 634 sine
1208 581 1449 650 supplice
1487 599 1782 650 numquam

220 658 325 711 Illa
363 675 528 726 nov0,
566 657 717 709 nulla
757 656 1035 709 damnavit
1073 659 1203 709 vota
1240 655 1473 724 repulsa.

221 732 412 785 Auditi
452 731 772 800 quicumque
811 733 1031 800 rogant,
1069 732 1363 799 noctesque
1393 727 1621 799 'diesque
1825 741 1910 783 485

221 805 310 859 Ire
352 806 538 858 datum
579 808 634 857 et
675 804 805 858 solis
844 822 1044 857 numen
1081 804 1298 872 placare
1340 804 1609 873 querellis.

220 879 394 933 Parca
434 879 770 949 superstitio:
810 897 921 932 non
960 881 1114 930 turea
1151 877 1392 945 flamma,
1431 895 1529 930 nec
1569 878 1708 930 altus

221 954 503 1023 Accipitur
544 953 784 1023 sanguis:
824 953 1064 1006 lacrimis
1106 952 1303 1005 altaria
1344 952 1562 1020 sudant,

221 1028 661 1097 Maestarumque
703 1046 863 1097 super
902 1026 1166 1080 libamina
1206 1029 1353 1080 secta
1392 1044 1668 1079 comarum

222 1103 467 1155 Pendent
505 1105 560 1154 et
597 1105 775 1156 vestes
816 1104 1028 1154 mutata
1068 1103 1214 1154 sorte
1253 1100 1488 1154 relictae.
1704 1140 1717 1149 ,
1827 1112 1913 1153 490

222 1176 357 1229 Mite
396 1194 587 1231 nemus
628 1176 792 1243 circa,
831 1175 1086 1245 cultuque
1125 1174 1339 1243 insigne
1378 1174 1608 1227 verendo

222 1251 472 1303 Vittatae
512 1251 698 1303 laurus
740 1254 794 1302 et
835 1249 1090 1318 supplicis
1130 1249 1292 1302 arbor
1331 1249 1520 1302 olivae.

221 1323 393 1377 Nulla
433 1327 615 1378 autem
655 1324 883 1393 effigies,
922 1323 1059 1376 nulli
1097 1323 1387 1376 commissa
1426 1323 1648 1376 metallo

220 1398 422 1452 Forma
462 1399 569 1466 dei,
608 1401 817 1451 mentes
856 1398 1105 1451 habitare
1145 1400 1201 1451 et
1238 1400 1460 1467 pectora
1498 1397 1714 1467 gaudet.

224 1471 446 1542 Semper
475 1473 642 1525 habet
673 1472 913 1541 trepidos
923 1514 937 1540 ,
970 1490 1183 1540 semper
1213 1472 1363 1525 locus
1395 1471 1581 1524 horret
1614 1471 1796 1542 egenis
1829 1484 1914 1525 495

224 1546 507 1614 OoetibuS‚
545 1548 769 1615 ignotae
808 1550 1024 1599 tantum
1063 1546 1311 1599 felicibus
1352 1564 1492 1599 arae.
1930 1543 1931 1546 ’

223 1621 395 1674 Fama
434 1624 538 1689 est,
578 1621 826 1673 defensos
868 1621 980 1674 acie
1020 1623 1145 1689 post
1183 1621 1348 1674 busta
1386 1619 1602 1688 paterni

224 1695 480 1748 Numinis
519 1694 817 1748 Herculeos
858 1695 1040 1747 sedem
1076 1693 1337 1746 fundasse
1373 1697 1614 1762 nepotes.

223 1768 394 1822 Fama
432 1770 610 1822 minor
646 1768 831 1822 factis:
871 1769 1019 1837 ipsos
1058 1787 1186 1821 nam
1226 1767 1437 1821 credere
1477 1767 1701 1838 dignum

226 1840 549 1912 CaelicolaS‚
587 1843 750 1895 tellus
790 1842 984 1912 quibus
1023 1842 1242 1912 hospita
1277 1860 1489 1911 semper
1521 1841 1792 1911 Athenae,
1831 1853 1938 1895 500³

227 1915 337 1971 Ceu
375 1918 524 1987 leges
563 1917 943 1986 hominemque
981 1935 1181 1970 novum
1220 1916 1464 1985 ritusque
1505 1934 1780 1969 sacrorum
1923 1923 1926 1925 “

229 1989 554 2060 Seminaque
592 1992 650 2044 in
686 2009 884 2044 vacuas
925 1990 1051 2044 hinc
1090 1990 1472 2044 descendentia
1508 1993 1707 2059 terraS,
1919 2029 1949 2070 Q

226 2064 316 2118 Sic
347 2073 596 2118 'sacrasse
636 2065 755 2118 loco
797 2083 1079 2119 commune
1119 2065 1485 2117 animantibus
1527 2064 1705 2135 aegris
1915 2064 1950 2131 *ἦ

226 2138 582 2210 Confugium,
619 2139 761 2192 unde
798 2140 986 2208 procul
1028 2141 1238 2192 starent
1275 2138 1494 2208 iraeque
1534 2139 1820 2207 minaeque
1911 2086 1951 2214 ἓ

224 2213 542 2283 Regnaque,
583 2216 636 2266 et
675 2232 707 2266 a
745 2214 902 2267 iustis
942 2213 1186 2267 Fortuna
1222 2212 1498 2266 recederet
1538 2212 1661 2266 aris,
1830 2215 1947 2283 5055?

224 2285 343 2339 Iam
382 2290 512 2341 tunc
550 2287 863 2341 innumerae
901 2291 1099 2341 norant
1138 2287 1331 2340 altaria
1369 2290 1578 2357 gentes:
1928 2334 1932 2338 .

229 2360 350 2414 Huc
388 2361 518 2414 victi
557 2362 716 2415 bellis
755 2361 1037 2432 patriaque
1078 2381 1110 2415 a
1149 2361 1272 2415 sede
1310 2360 1507 2429 fugati,

344 2519 446 2559 498.
498 2513 778 2558 ‘Herculeos
828 2514 955 2557 fama
1002 2515 1075 2558 est
1121 2513 1344 2558 fundasse
1391 2488 1619 2571 nepotes’
1665 2514 1812 2560 Serv.
1853 2512 1914 2558 ad

224 2572 338 2617 Aen.
373 2573 482 2617 VIII
514 2577 618 2629 342;
655 2573 712 2618 cf.
745 2573 806 2617 ad
837 2573 879 2616 II
913 2579 1010 2618 761.

347 2719 435 2760 480
466 2714 640 2759 inicum
671 2719 704 2756 P
727 2716 743 2771 ΙΙ
766 2718 851 2758 481
877 2727 968 2771 sqq.
997 2710 1158 2758 Ἐλέου
1192 2711 1346 2773 βωμός
1377 2715 1506 2771 apud
1536 2713 1743 2759 Pausan.
1778 2714 1813 2757 I
1841 2714 1912 2768 17,

226 2778 267 2818 1.
309 2775 324 2831 ss
362 2779 447 2818 481
480 2774 623 2818 nullis
654 2778 687 2817 P
721 2775 737 2831 ιι
771 2778 857 2817 483
890 2773 1072 2818 miseris
1105 2778 1138 2816 P
1169 2775 1184 2830 ιι
1215 2778 1302 2818 486
1336 2774 1384 2817 et
1413 2787 1495 2818 om.
1529 2778 1561 2815 P
1599 2775 1615 2830 ss
1653 2777 1739 2818 489
1787 2772 1914 2816 secta

226 2837 300 2875 PB
343 2836 592 2890 (suprascr.
637 2835 660 2875 1
699 2834 840 2884 serta)
892 2834 1074 2889 Anylic.
1114 2833 1344 2877 Barthius
1382 2834 1508 2876 serta
1539 2832 1687 2875 G2SM
1708 2834 1724 2888 ΙΙ
1747 2836 1834 2876 494
1863 2827 1913 2878 di.

226 2892 361 2947 G2Sg
392 2892 522 2938 Leid.
558 2893 673 2936 deae
705 2908 747 2936 m
777 2893 876 2937 edd.
909 2893 923 2951 1]
956 2897 1041 2937 507
1076 2905 1104 2935 a
1136 2891 1246 2936 sede
1278 2897 1350 2935 PT
1383 2905 1407 2936 e
1440 2891 1549 2936 sede
1580 2891 1736 2934 BG²M
