1956 3086
549 144 832 191 EDITORIS
863 141 1220 189 PRAEFATIO.
1694 158 1788 186 xvxi

78 268 245 322 inutis
290 266 398 322 illis
447 283 583 336 quae
634 265 782 318 lusus
828 280 1106 333 nugasque
1153 265 1207 315 et
1253 262 1484 330 ineptias
1523 262 1793 315 uocabant

63 340 307 396 oematiis
345 341 743 407 concesserunt3
790 338 847 390 in
879 335 1206 390 carminibus
1236 335 1570 405 longioribus
1602 334 1792 387 diurna

49 414 153 469 'ma
199 414 538 483 studiumque
582 412 810 465 multum
865 409 1257 479 expectabatur.
1331 426 1459 461 nam
1505 411 1793 478 postquam

74 488 233 542 nnius
285 487 489 557 primus
551 484 854 538 ‘Musarum
908 483 1156 553 scopulos
1219 485 1500 550 superarat
1551 485 1606 535 et
1665 482 1794 535 dicti

52 561 296 615 tudiosus
336 558 486 629 erat',
521 558 631 613 iam
661 557 783 611 inde
815 557 883 610 ab
915 557 1007 610 illo
1040 559 1279 624 tempore
1311 555 1484 625 magis
1516 555 1794 625 magisque

64 638 216 689 oetae
253 632 507 698 Romani,
552 632 642 702 qui
689 630 901 701 quidem
941 630 1091 683 seriis
1131 628 1458 682 carminibus
1496 628 1795 699 pangendis

25 708 284 762 dederunt
322 724 556 777 operam,
605 723 716 759 non
755 704 1047 757 emiserunt
1084 702 1251 755 libros
1291 702 1396 755 nisi
1435 701 1662 755 multum
1702 719 1797 771 per

25 784 237 851 tempus
291 797 413 835 cum
466 797 594 833 cura
639 778 932 848 perpolitos
986 776 1361 844 doctrinaeque
1416 775 1796 845 speciminibus

20 854 341 923 adornatos:
380 853 501 924 plus
541 870 627 906 ars
666 851 885 905 ualebat
923 867 1084 921 quam
1124 849 1415 919 ingenium.
1491 852 1549 901 at
1580 847 1797 911 Statius,

20 931 87 983 {ut
125 928 192 982 ab
231 926 448 997 ingenio
487 926 749 980 maximus
790 926 874 978 est
912 924 966 977 in
1008 922 1180 991 siluis,
1226 923 1303 975 ita
1341 921 1522 975 deficit
1560 921 1628 974 ab
1669 927 1797 975 arte.

19 1018 154 1059 mam
199 1018 319 1055 cum
357 999 668 1070 plerumque
710 1001 920 1067 tempus
959 996 1334 1050 breuissimum
1374 995 1441 1048 ad
1479 995 1798 1065 perficienda

20 1074 264 1130 'carmina
303 1092 335 1127 a
371 1073 616 1143 patronis
661 1072 807 1126 iussa
845 1071 894 1124 ei
934 1072 1261 1139 suppeteret,
1300 1071 1524 1122 naturae
1563 1068 1797 1122 indolem

20 1151 242 1203 secutus
281 1146 456 1200 minus
489 1144 791 1216 expoliendi
822 1162 978 1198 curae
1010 1160 1200 1196 uacare
1232 1142 1425 1213 potuit.
1479 1142 1600 1195 uide
1633 1160 1797 1212 quan·

28 1224 144 1276 tum
190 1220 406 1274 intersit
449 1219 590 1273 i'nter
637 1217 915 1271 Thebaida
953 1220 1006 1270 et
1053 1217 1241 1270 siluas:
1297 1216 1406 1282 illa,
1454 1219 1513 1269 ut
1559 1219 1641 1268 est
1688 1215 1799 1268 ‘bis

30 1311 188 1349 senos
235 1294 464 1347 multum
509 1292 734 1363 uigilata
781 1309 875 1360 per
921 1308 1090 1344 annos
1104 1288 1135 1358 ',
1190 1289 1333 1342 docti
1379 1289 1554 1358 operis
1601 1307 1800 1343 nomen

28 1367 392 1437 honoremque
445 1365 682 1433 affectat3
745 1365 898 1432 haec,
959 1367 1019 1416 ut
1069 1381 1131 1416 ex
1171 1362 1369 1415 libellis
1424 1362 1604 1415 subito
1660 1363 1802 1415 natis

31 1443 304 1509 constant,
359 1457 466 1493 uno
519 1438 723 1509 ingenii
776 1437 935 1491 titulo
991 1436 1448 1490 commendantur.
1534 1434 1627 1488 sed
1680 1436 1801 1488 uide

31 1514 204 1582 simul,
243 1512 369 1584 quid
408 1514 648 1566 ueterum
679 1510 935 1564 iudicium
975 1529 1007 1563 a
1044 1512 1231 1563 nostro
1265 1509 1441 1562 distet.
1507 1527 1627 1562 cum
1660 1510 1803 1562 enim

32 1597 64 1643 a
94 1590 284 1658 poetae
314 1585 645 1655 temporibus
676 1603 771 1654 per
803 1587 972 1638 totam
1005 1582 1382 1651 antiquitatem
1415 1582 1630 1635 doctam
1663 1581 1706 1634 T
1712 1582 1801 1635 he·

29 1661 192 1715 baida
246 1659 636 1713 admirarentur
693 1675 902 1727 unaque
956 1675 1077 1710 cum
1131 1655 1359 1726 Uergilii
1414 1655 1650 1708 Aeneide
1705 1673 1802 1724 pro

33 1751 234 1790 canone
271 1733 558 1802 haberent,
597 1731 689 1784 sed
728 1731 887 1784 nauci
926 1730 1166 1783 facerent
1204 1730 1369 1782 siluas
1409 1729 1547 1781 forte
1587 1729 1804 1781 fortuna

32 1807 92 1862 in
129 1807 284 1861 unico
325 1806 504 1860 codice
544 1807 807 1858 seruatas:
853 1822 954 1858 nos
993 1806 1201 1871 contra,
1241 1820 1375 1872 quae
1419 1821 1563 1855 nunc
1603 1806 1686 1855 est
1724 1803 1803 1855 iu-

33 1880 244 1935 dicandi
281 1897 487 1949 norma,
523 1877 632 1932 fere
665 1878 984 1947 despicimus
1017 1875 1296 1929 Thebaida
1327 1878 1388 1928 ut
1420 1894 1555 1945 opus
1587 1879 1806 1944 propter

32 1954 206 2025 ipsam
244 1953 544 2007 doctrinam
581 1951 818 2005 ieiunum
864 1950 1308 2021 languidumque,
1355 1949 1447 2002 sed
1494 1949 1804 2002 adamamus

34 2028 200 2082 siluas
238 2026 440 2097 ingenii
478 2026 652 2079 calore
692 2028 746 2078 et
783 2025 898 2078 sine
936 2024 1058 2077 fuco
1098 2023 1259 2093 longe
1299 2023 1540 2092 quaesito
1581 2022 1806 2091 scriptas

34 2102 395 2169 uellemusque
441 2099 570 2152 totis
618 2098 760 2150 illius
809 2097 1087 2151 duodecim
1131 2097 1305 2164 libris,
1361 2096 1406 2148 si
1451 2096 1565 2148 fieri
1610 2096 1807 2165 liceret,

34 2175 291 2229 redimere
339 2173 537 2226 alteros
581 2171 771 2224 harum
818 2170 1065 2240 quinque.
1141 2170 1255 2239 ipse
1301 2169 1468 2239 igitur
1514 2169 1644 2222 artis
1687 2169 1807 2222 doc-

34 2249 314 2317 trinaeque
353 2246 411 2299 in
450 2245 599 2299 siluis
633 2244 870 2320 defectus
902 2243 1174 2312 displicuit
1204 2243 1489 2295 ueteribus,
1542 2261 1806 2311 nusquam

36 2324 216 2376 autem
261 2319 433 2390 magis
479 2318 658 2372 iacent
703 2318 825 2370 11100
866 2335 1025 2386 (1110111
1063 2316 1155 2369 ubi
1197 2314 1277 2387 (in
1316 2316 1806 2385 comparationibus

36 2393 288 2465 maxime)
334 2411 417 2446 res
463 2391 860 2461 mythologicae
909 2390 1262 2460 attinguntur.
1338 2390 1396 2442 in
1441 2390 1658 2458 reliquis
1699 2408 1807 2442 om-

0 2507 3 2523 1
35 2468 195 2521 nibus
235 2465 536 2520 sufficiebat
574 2465 681 2518 fere
720 2464 999 2534 ingenium
1031 2468 1084 2517 et
1115 2481 1366 2516 uersuum
1396 2463 1807 2532 pangendorum

0 2571 2 2581 ·
34 2540 379 2610 experientia,
418 2539 644 2591 uirtutes
685 2535 858 2591 Statio
900 2537 1053 2607 quasi
1093 2537 1237 2590 domi
1276 2539 1458 2588 natae:
1498 2537 1556 2588 in
1594 2536 1808 2604 mytho-

0 2640 4 2668 1
36 2613 227 2684 logicis
261 2631 396 2682 opus
422 2614 538 2664 erat
560 2611 804 2664 doctrina
828 2614 882 2663 et
905 2611 972 2663 ad
1003 2610 1142 2663 hanc
1174 2610 1591 2678 comparandam
1616 2610 1809 2662 studio.

0 2705 200 2758 ;quam
252 2686 310 2739 in
362 2704 476 2739 rem
529 2702 649 2737 cum
703 2688 942 2753 tempore
990 2684 1303 2736 deficeretur
1349 2700 1574 2752 cumque
1623 2686 1810 2735 contra

0 2755 280 2838 zparergis
335 2758 503 2812 doctis
559 2776 670 2811 non
722 2758 884 2810 uellet
945 2758 1103 2826 plane
1159 2759 1399 2825 expertes
1454 2774 1569 2808 esse
1622 2774 1809 2808 uersus

0 2849 181 2901 181108,
235 2833 302 2886 01)
355 2832 456 2885 1100
509 2834 660 2900 parte
714 2830 1157 2884 inconsideratius
1212 2834 1371 2898 atque
1427 2829 1558 2882 adeo
1612 2831 1809 2882 temere

127 2919 151 2952 S
156 2927 268 2952 11111
293 2918 316 2952 S
320 2927 459 2951 ιιιιιι
1419 2914 1449 2957 b

29 3028 55 3086 k
