<?xml version="1.0" encoding="UTF-8"?>
<!DOCTYPE html PUBLIC "-//W3C//DTD XHTML 1.0 Transitional//EN"
    "http://www.w3.org/TR/xhtml1/DTD/xhtml1-transitional.dtd">
<html xmlns="http://www.w3.org/1999/xhtml" xml:lang="en" lang="en">
 <head>
  <title>
</title>
<meta http-equiv="Content-Type" content="text/html;charset=utf-8" />
  <meta name='ocr-system' content='tesseract 3.04.00' />
  <meta name='ocr-capabilities' content='ocr_page ocr_carea ocr_par ocr_line ocrx_word'/>
</head>
<body>
  <div class='ocr_page' id='page_1' title='image "./operapapinius12statuoft_0199.png"; bbox 0 0 2020 3106; ppageno 0'>
   <div class='ocr_carea' id='block_1_1' title="bbox 690 107 1873 157">
    <p class='ocr_par' dir='ltr' id='par_1_1' title="bbox 690 107 1873 157">
     <span class='ocr_line' id='line_1_1' title="bbox 690 107 1873 157; baseline -0.001 -1"><span class='ocrx_word' id='word_1_1' title='bbox 690 107 974 157; x_wconf 75' lang='lat' dir='ltr'><strong>Enl&#39;roms</strong></span> <span class='ocrx_word' id='word_1_2' title='bbox 1005 107 1365 155; x_wconf 75' lang='lat' dir='ltr'>PRAEFATIO.</span> <span class='ocrx_word' id='word_1_3' title='bbox 1763 110 1873 156; x_wconf 80' lang='lat' dir='ltr'><strong>xm</strong></span> 
     </span>
    </p>
   </div>
   <div class='ocr_carea' id='block_1_2' title="bbox 167 227 1878 1270">
    <p class='ocr_par' dir='ltr' id='par_1_2' title="bbox 167 227 1872 376">
     <span class='ocr_line' id='line_1_2' title="bbox 167 227 1872 304; baseline -0.001 -16"><span class='ocrx_word' id='word_1_4' title='bbox 167 227 527 300; x_wconf 63' lang='lat' dir='ltr'><strong>necesse&#39;est,</strong></span> <span class='ocrx_word' id='word_1_5' title='bbox 565 228 710 303; x_wconf 91' lang='lat' dir='ltr'><strong>quod</strong></span> <span class='ocrx_word' id='word_1_6' title='bbox 747 230 854 285; x_wconf 91' lang='lat' dir='ltr'><strong>duo</strong></span> <span class='ocrx_word' id='word_1_7' title='bbox 896 248 1081 285; x_wconf 83' lang='lat' dir='ltr'><strong>versus</strong></span> <span class='ocrx_word' id='word_1_8' title='bbox 1128 230 1322 301; x_wconf 88' lang='lat' dir='ltr'><strong>spurii,</strong></span> <span class='ocrx_word' id='word_1_9' title='bbox 1367 229 1393 284; x_wconf 95' lang='lat'>1</span> <span class='ocrx_word' id='word_1_10' title='bbox 1434 231 1539 286; x_wconf 82' lang='lat'><strong>781</strong></span> <span class='ocrx_word' id='word_1_11' title='bbox 1589 235 1646 286; x_wconf 90' lang='lat' dir='ltr'><strong>et</strong></span> <span class='ocrx_word' id='word_1_12' title='bbox 1694 233 1740 286; x_wconf 90' lang='lat' dir='ltr'><strong>is</strong></span> <span class='ocrx_word' id='word_1_13' title='bbox 1780 234 1872 304; x_wconf 90' lang='lat' dir='ltr'><strong>qui</strong></span> 
     </span>
     <span class='ocr_line' id='line_1_3' title="bbox 169 304 1872 376; baseline -0.001 -14"><span class='ocrx_word' id='word_1_14' title='bbox 169 307 230 363; x_wconf 89' lang='lat' dir='ltr'><strong>in</strong></span> <span class='ocrx_word' id='word_1_15' title='bbox 266 306 373 361; x_wconf 85' lang='lat' dir='ltr'><strong>fine</strong></span> <span class='ocrx_word' id='word_1_16' title='bbox 413 304 669 362; x_wconf 79' lang='lat' dir='ltr'><strong>carminis</strong></span> <span class='ocrx_word' id='word_1_17' title='bbox 709 304 911 376; x_wconf 81' lang='lat' dir='ltr'><strong>legitur</strong></span> <span class='ocrx_word' id='word_1_18' title='bbox 957 305 1015 359; x_wconf 90' lang='lat' dir='ltr'><strong>in</strong></span> <span class='ocrx_word' id='word_1_19' title='bbox 1054 304 1329 360; x_wconf 75' lang='lat' dir='ltr'><strong>codicibus</strong></span> <span class='ocrx_word' id='word_1_20' title='bbox 1375 309 1539 359; x_wconf 86' lang='lat' dir='ltr'><strong>notae</strong></span> <span class='ocrx_word' id='word_1_21' title='bbox 1577 306 1872 376; x_wconf 74' lang='lat' dir='ltr'>pessimae:</span> 
     </span>
    </p>

    <p class='ocr_par' dir='ltr' id='par_1_3' title="bbox 170 378 1717 511">
     <span class='ocr_line' id='line_1_4' title="bbox 319 378 1717 451; baseline -0.001 -15"><span class='ocrx_word' id='word_1_22' title='bbox 319 378 490 436; x_wconf 79' lang='lat' dir='ltr'><strong>‘Aura</strong></span> <span class='ocrx_word' id='word_1_23' title='bbox 527 379 674 451; x_wconf 81' lang='lat' dir='ltr'><strong>silet,</strong></span> <span class='ocrx_word' id='word_1_24' title='bbox 724 379 922 451; x_wconf 85' lang='lat' dir='ltr'>puppis</span> <span class='ocrx_word' id='word_1_25' title='bbox 963 397 1182 434; x_wconf 85' lang='lat' dir='ltr'><strong>currens</strong></span> <span class='ocrx_word' id='word_1_26' title='bbox 1222 378 1290 433; x_wconf 89' lang='lat' dir='ltr'><strong>ad</strong></span> <span class='ocrx_word' id='word_1_27' title='bbox 1329 379 1495 434; x_wconf 79' lang='lat' dir='ltr'><strong>litora</strong></span> <span class='ocrx_word' id='word_1_28' title='bbox 1531 379 1717 451; x_wconf 83' lang='lat' dir='ltr'><strong>venit’,</strong></span> 
     </span>
     <span class='ocr_line' id='line_1_5' title="bbox 170 455 601 511; baseline -0.007 0"><span class='ocrx_word' id='word_1_29' title='bbox 170 455 230 511; x_wconf 86' lang='lat' dir='ltr'><strong>in</strong></span> <span class='ocrx_word' id='word_1_30' title='bbox 267 472 331 511; x_wconf 90' lang='lat' dir='ltr'><strong>eo</strong></span> <span class='ocrx_word' id='word_1_31' title='bbox 370 456 601 510; x_wconf 79' lang='lat' dir='ltr'><strong>exstant.</strong></span> 
     </span>
    </p>

    <p class='ocr_par' dir='ltr' id='par_1_4' title="bbox 170 525 1878 1270">
     <span class='ocr_line' id='line_1_6' title="bbox 320 525 1873 600; baseline -0.001 -16"><span class='ocrx_word' id='word_1_32' title='bbox 320 526 507 584; x_wconf 83' lang='lat' dir='ltr'><strong>Simile</strong></span> <span class='ocrx_word' id='word_1_33' title='bbox 569 525 776 600; x_wconf 81' lang='lat' dir='ltr'><strong>aliquid</strong></span> <span class='ocrx_word' id='word_1_34' title='bbox 844 527 1081 583; x_wconf 86' lang='lat' dir='ltr'><strong>occurrit</strong></span> <span class='ocrx_word' id='word_1_35' title='bbox 1150 528 1206 582; x_wconf 91' lang='lat' dir='ltr'><strong>in</strong></span> <span class='ocrx_word' id='word_1_36' title='bbox 1267 528 1445 582; x_wconf 86' lang='lat' dir='ltr'><strong>tribus</strong></span> <span class='ocrx_word' id='word_1_37' title='bbox 1507 528 1873 584; x_wconf 73' lang='lat' dir='ltr'><strong>bibliothecae</strong></span> 
     </span>
     <span class='ocr_line' id='line_1_7' title="bbox 170 601 1874 676; baseline -0.001 -17"><span class='ocrx_word' id='word_1_38' title='bbox 170 601 701 676; x_wconf 80' lang='lat' dir='ltr'><strong>Lugduno-Batavae</strong></span> <span class='ocrx_word' id='word_1_39' title='bbox 732 601 1007 658; x_wconf 82' lang='lat' dir='ltr'><strong>codicibus</strong></span> <span class='ocrx_word' id='word_1_40' title='bbox 1039 619 1177 657; x_wconf 85' lang='lat' dir='ltr'><strong>saec.</strong></span> <span class='ocrx_word' id='word_1_41' title='bbox 1216 603 1379 657; x_wconf 82' lang='lat' dir='ltr'><strong>tertio</strong></span> <span class='ocrx_word' id='word_1_42' title='bbox 1405 601 1614 658; x_wconf 88' lang='lat' dir='ltr'><strong>decimo</strong></span> <span class='ocrx_word' id='word_1_43' title='bbox 1646 608 1874 658; x_wconf 73' lang='lat' dir='ltr'><strong>exeunte</strong></span> 
     </span>
     <span class='ocr_line' id='line_1_8' title="bbox 171 676 1873 749; baseline 0 -16"><span class='ocrx_word' id='word_1_44' title='bbox 171 677 258 734; x_wconf 84' lang='lat' dir='ltr'><strong>vel</strong></span> <span class='ocrx_word' id='word_1_45' title='bbox 295 678 519 733; x_wconf 86' lang='lat' dir='ltr'><strong>ineunte</strong></span> <span class='ocrx_word' id='word_1_46' title='bbox 551 680 745 748; x_wconf 82' lang='lat' dir='ltr'><strong>quarto</strong></span> <span class='ocrx_word' id='word_1_47' title='bbox 778 676 987 732; x_wconf 88' lang='lat' dir='ltr'><strong>decimo</strong></span> <span class='ocrx_word' id='word_1_48' title='bbox 1019 677 1270 742; x_wconf 85' lang='lat' dir='ltr'><strong>exaratis,</strong></span> <span class='ocrx_word' id='word_1_49' title='bbox 1309 695 1447 747; x_wconf 89' lang='lat' dir='ltr'><strong>quos</strong></span> <span class='ocrx_word' id='word_1_50' title='bbox 1476 677 1592 749; x_wconf 88' lang='lat' dir='ltr'><strong>ipse</strong></span> <span class='ocrx_word' id='word_1_51' title='bbox 1624 677 1873 733; x_wconf 82' lang='lat' dir='ltr'><strong>adhibui:</strong></span> 
     </span>
     <span class='ocr_line' id='line_1_9' title="bbox 171 749 1874 823; baseline -0.001 -16"><span class='ocrx_word' id='word_1_52' title='bbox 171 751 302 808; x_wconf 88' lang='lat' dir='ltr'><strong>cod.</strong></span> <span class='ocrx_word' id='word_1_53' title='bbox 350 750 670 807; x_wconf 83' lang='lat' dir='ltr'><strong>Gronovii</strong></span> <span class='ocrx_word' id='word_1_54' title='bbox 717 752 787 807; x_wconf 81' lang='lat'><strong>87</strong></span> <span class='ocrx_word' id='word_1_55' title='bbox 836 750 991 822; x_wconf 91' lang='lat' dir='ltr'><strong>(olim</strong></span> <span class='ocrx_word' id='word_1_56' title='bbox 1039 749 1711 823; x_wconf 83' lang='lat' dir='ltr'><strong>Rottendorffiano)⁰)</strong></span> <span class='ocrx_word' id='word_1_57' title='bbox 1757 751 1874 809; x_wconf 79' lang='lat' dir='ltr'><strong>foll.</strong></span> 
     </span>
     <span class='ocr_line' id='line_1_10' title="bbox 176 822 1874 898; baseline 0 -16"><span class='ocrx_word' id='word_1_58' title='bbox 176 822 519 898; x_wconf 69' lang='lat' dir='ltr'><strong>lau—3210,</strong></span> <span class='ocrx_word' id='word_1_59' title='bbox 570 826 699 882; x_wconf 73' lang='lat' dir='ltr'><strong>cod.</strong></span> <span class='ocrx_word' id='word_1_60' title='bbox 737 825 948 897; x_wconf 89' lang='lat' dir='ltr'><strong>Lipsii</strong></span> <span class='ocrx_word' id='word_1_61' title='bbox 995 826 1067 880; x_wconf 88' lang='grc'><strong>36</strong></span> <span class='ocrx_word' id='word_1_62' title='bbox 1107 826 1220 880; x_wconf 85' lang='lat' dir='ltr'><strong>foll.</strong></span> <span class='ocrx_word' id='word_1_63' title='bbox 1265 826 1505 891; x_wconf 83' lang='lat'><strong>16—29,</strong></span> <span class='ocrx_word' id='word_1_64' title='bbox 1544 825 1874 882; x_wconf 85' lang='lat' dir='ltr'><strong>Vossiano</strong></span> 
     </span>
     <span class='ocr_line' id='line_1_11' title="bbox 171 898 1875 972; baseline 0 -16"><span class='ocrx_word' id='word_1_65' title='bbox 171 898 306 956; x_wconf 83' lang='lat' dir='ltr'><strong>Lat.</strong></span> <span class='ocrx_word' id='word_1_66' title='bbox 363 898 501 956; x_wconf 87' lang='lat' dir='ltr'><strong>Oct.</strong></span> <span class='ocrx_word' id='word_1_67' title='bbox 553 901 649 972; x_wconf 86' lang='lat'><strong>83,</strong></span> <span class='ocrx_word' id='word_1_68' title='bbox 704 900 879 956; x_wconf 88' lang='lat' dir='ltr'><strong>solam</strong></span> <span class='ocrx_word' id='word_1_69' title='bbox 942 899 1250 955; x_wconf 87' lang='lat' dir='ltr'><strong>Achilleida</strong></span> <span class='ocrx_word' id='word_1_70' title='bbox 1302 918 1425 955; x_wconf 90' lang='lat' dir='ltr'><strong>cum</strong></span> <span class='ocrx_word' id='word_1_71' title='bbox 1481 901 1681 972; x_wconf 76' lang='lat' dir='ltr'><strong>glossis</strong></span> <span class='ocrx_word' id='word_1_72' title='bbox 1734 920 1875 956; x_wconf 90' lang='lat' dir='ltr'><strong>com·</strong></span> 
     </span>
     <span class='ocr_line' id='line_1_12' title="bbox 172 973 1878 1047; baseline -0.001 -16"><span class='ocrx_word' id='word_1_73' title='bbox 172 974 458 1047; x_wconf 82' lang='lat' dir='ltr'><strong>plectente.</strong></span> <span class='ocrx_word' id='word_1_74' title='bbox 546 973 624 1030; x_wconf 82' lang='lat' dir='ltr'><strong>Et</strong></span> <span class='ocrx_word' id='word_1_75' title='bbox 680 975 738 1030; x_wconf 93' lang='lat' dir='ltr'><strong>in</strong></span> <span class='ocrx_word' id='word_1_76' title='bbox 792 975 1127 1031; x_wconf 79' lang='lat' dir='ltr'><strong>Gronoviano</strong></span> <span class='ocrx_word' id='word_1_77' title='bbox 1184 974 1402 1046; x_wconf 89' lang='lat' dir='ltr'><strong>quidem</strong></span> <span class='ocrx_word' id='word_1_78' title='bbox 1451 975 1604 1029; x_wconf 85' lang='lat' dir='ltr'><strong>deest</strong></span> <span class='ocrx_word' id='word_1_79' title='bbox 1658 994 1705 1030; x_wconf 84' lang='lat' dir='ltr'><strong>v.</strong></span> <span class='ocrx_word' id='word_1_80' title='bbox 1755 977 1878 1046; x_wconf 73' lang='lat'><strong>781,</strong></span> 
     </span>
     <span class='ocr_line' id='line_1_13' title="bbox 174 1048 1873 1120; baseline 0 -16"><span class='ocrx_word' id='word_1_81' title='bbox 174 1051 353 1105; x_wconf 75' lang='lat' dir='ltr'><strong>exstat</strong></span> <span class='ocrx_word' id='word_1_82' title='bbox 405 1065 533 1111; x_wconf 77' lang='lat' dir='ltr'><strong>vero</strong></span> <span class='ocrx_word' id='word_1_83' title='bbox 579 1066 768 1104; x_wconf 80' lang='lat' dir='ltr'><strong>versus</strong></span> <span class='ocrx_word' id='word_1_84' title='bbox 818 1049 1034 1120; x_wconf 87' lang='lat' dir='ltr'><strong>spurius</strong></span> <span class='ocrx_word' id='word_1_85' title='bbox 1081 1050 1138 1103; x_wconf 90' lang='lat' dir='ltr'><strong>in</strong></span> <span class='ocrx_word' id='word_1_86' title='bbox 1185 1050 1291 1103; x_wconf 87' lang='lat' dir='ltr'><strong>fine</strong></span> <span class='ocrx_word' id='word_1_87' title='bbox 1338 1049 1609 1104; x_wconf 86' lang='lat' dir='ltr'><strong>carminis.</strong></span> <span class='ocrx_word' id='word_1_88' title='bbox 1694 1048 1873 1104; x_wconf 87' lang='lat' dir='ltr'><strong>Codex</strong></span> 
     </span>
     <span class='ocr_line' id='line_1_14' title="bbox 173 1122 1878 1194; baseline 0 -15"><span class='ocrx_word' id='word_1_89' title='bbox 173 1122 348 1194; x_wconf 68' lang='lat' dir='ltr'><strong>Lipm&#39;i</strong></span> <span class='ocrx_word' id='word_1_90' title='bbox 393 1123 485 1194; x_wconf 88' lang='lat' dir='ltr'><strong>qui</strong></span> <span class='ocrx_word' id='word_1_91' title='bbox 522 1123 745 1179; x_wconf 83' lang='lat' dir='ltr'><strong>exhibet</strong></span> <span class='ocrx_word' id='word_1_92' title='bbox 782 1142 995 1180; x_wconf 85' lang='lat' dir='ltr'><strong>versum</strong></span> <span class='ocrx_word' id='word_1_93' title='bbox 1039 1125 1141 1179; x_wconf 82' lang='lat'><strong>781</strong></span> <span class='ocrx_word' id='word_1_94' title='bbox 1185 1123 1461 1178; x_wconf 82' lang='lat' dir='ltr'><strong>dederitne</strong></span> <span class='ocrx_word' id='word_1_95' title='bbox 1500 1124 1731 1178; x_wconf 81' lang='lat' dir='ltr'><strong>alterum</strong></span> <span class='ocrx_word' id='word_1_96' title='bbox 1771 1124 1878 1179; x_wconf 90' lang='lat' dir='ltr'><strong>dis·</strong></span> 
     </span>
     <span class='ocr_line' id='line_1_15' title="bbox 174 1197 1875 1270; baseline 0 -18"><span class='ocrx_word' id='word_1_97' title='bbox 174 1197 378 1269; x_wconf 73' lang='lat' dir='ltr'><strong>coptari</strong></span> <span class='ocrx_word' id='word_1_98' title='bbox 416 1197 627 1270; x_wconf 85' lang='lat' dir='ltr'><strong>nequit,</strong></span> <span class='ocrx_word' id='word_1_99' title='bbox 673 1216 794 1253; x_wconf 88' lang='lat' dir='ltr'><strong>cum</strong></span> <span class='ocrx_word' id='word_1_100' title='bbox 842 1198 1142 1252; x_wconf 79' lang='lat' dir='ltr'><strong>exciderint</strong></span> <span class='ocrx_word' id='word_1_101' title='bbox 1179 1201 1412 1269; x_wconf 88' lang='lat' dir='ltr'><strong>quatuor</strong></span> <span class='ocrx_word' id='word_1_102' title='bbox 1457 1198 1634 1252; x_wconf 85' lang='lat' dir='ltr'><strong>ultimi</strong></span> <span class='ocrx_word' id='word_1_103' title='bbox 1674 1217 1875 1253; x_wconf 87' lang='lat' dir='ltr'><strong>versus.</strong></span> 
     </span>
    </p>
   </div>
   <div class='ocr_carea' id='block_1_3' title="bbox 77 1270 1877 1346">
    <p class='ocr_par' dir='ltr' id='par_1_5' title="bbox 77 1270 1877 1346">
     <span class='ocr_line' id='line_1_16' title="bbox 77 1270 1877 1346; baseline 0 -19"><span class='ocrx_word' id='word_1_104' title='bbox 77 1343 79 1346; x_wconf 10' lang='grc' dir='ltr'><strong><em>Δ</em></strong></span> <span class='ocrx_word' id='word_1_105' title='bbox 173 1270 239 1327; x_wconf 79' lang='lat' dir='ltr'><strong>In</strong></span> <span class='ocrx_word' id='word_1_106' title='bbox 301 1271 551 1327; x_wconf 64' lang='lat' dir='ltr'><strong>Vossiano</strong></span> <span class='ocrx_word' id='word_1_107' title='bbox 605 1273 851 1345; x_wconf 83' lang='lat' dir='ltr'><strong>quamvis</strong></span> <span class='ocrx_word' id='word_1_108' title='bbox 906 1272 1047 1326; x_wconf 89' lang='lat' dir='ltr'><strong>desit</strong></span> <span class='ocrx_word' id='word_1_109' title='bbox 1099 1291 1133 1326; x_wconf 86' lang='lat' dir='ltr'><strong>a</strong></span> <span class='ocrx_word' id='word_1_110' title='bbox 1190 1290 1353 1327; x_wconf 89' lang='lat' dir='ltr'><strong>manu</strong></span> <span class='ocrx_word' id='word_1_111' title='bbox 1412 1273 1589 1343; x_wconf 89' lang='lat' dir='ltr'><strong>prima</strong></span> <span class='ocrx_word' id='word_1_112' title='bbox 1642 1291 1689 1326; x_wconf 80' lang='lat' dir='ltr'><strong>v.</strong></span> <span class='ocrx_word' id='word_1_113' title='bbox 1756 1274 1877 1343; x_wconf 76' lang='lat'><strong>781,</strong></span> 
     </span>
    </p>
   </div>
   <div class='ocr_carea' id='block_1_4' title="bbox 3 0 74 3106">
    <p class='ocr_par' dir='ltr' id='par_1_6' title="bbox 3 0 74 3106">
     <span class='ocr_line' id='line_1_17' title="bbox 3 0 74 3106; baseline 0 0"><span class='ocrx_word' id='word_1_114' title='bbox 3 0 74 3106; x_wconf 95' lang='lat' dir='ltr'><strong> </strong></span> 
     </span>
    </p>
   </div>
   <div class='ocr_carea' id='block_1_5' title="bbox 95 1347 1881 2606">
    <p class='ocr_par' dir='ltr' id='par_1_7' title="bbox 95 1347 1881 2606">
     <span class='ocr_line' id='line_1_18' title="bbox 173 1347 1875 1419; baseline 0.001 -18"><span class='ocrx_word' id='word_1_115' title='bbox 173 1360 333 1419; x_wconf 80' lang='lat' dir='ltr'><strong>quem</strong></span> <span class='ocrx_word' id='word_1_116' title='bbox 378 1364 572 1401; x_wconf 83' lang='lat' dir='ltr'><strong>manus</strong></span> <span class='ocrx_word' id='word_1_117' title='bbox 617 1347 991 1402; x_wconf 85' lang='lat' dir='ltr'><strong>recentissima</strong></span> <span class='ocrx_word' id='word_1_118' title='bbox 1035 1347 1092 1400; x_wconf 92' lang='lat' dir='ltr'><strong>in</strong></span> <span class='ocrx_word' id='word_1_119' title='bbox 1139 1348 1386 1418; x_wconf 83' lang='lat' dir='ltr'><strong>margine</strong></span> <span class='ocrx_word' id='word_1_120' title='bbox 1425 1350 1482 1400; x_wconf 82' lang='lat' dir='ltr'><strong>et</strong></span> <span class='ocrx_word' id='word_1_121' title='bbox 1520 1347 1662 1401; x_wconf 82' lang='lat' dir='ltr'><strong>inter</strong></span> <span class='ocrx_word' id='word_1_122' title='bbox 1700 1347 1875 1402; x_wconf 88' lang='lat' dir='ltr'><strong>lineas</strong></span> 
     </span>
     <span class='ocr_line' id='line_1_19' title="bbox 172 1419 1875 1492; baseline 0.001 -18"><span class='ocrx_word' id='word_1_123' title='bbox 172 1419 476 1492; x_wconf 70' lang='lat' dir='ltr'><strong>adscripsit,</strong></span> <span class='ocrx_word' id='word_1_124' title='bbox 496 1438 598 1477; x_wconf 85' lang='lat' dir='ltr'><strong>nec</strong></span> <span class='ocrx_word' id='word_1_125' title='bbox 622 1421 929 1476; x_wconf 82' lang='lat' dir='ltr'><strong>inveniatur</strong></span> <span class='ocrx_word' id='word_1_126' title='bbox 953 1421 1107 1491; x_wconf 81' lang='lat' dir='ltr'><strong>alter,</strong></span> <span class='ocrx_word' id='word_1_127' title='bbox 1137 1424 1323 1475; x_wconf 79' lang='lat' dir='ltr'><strong>tamen</strong></span> <span class='ocrx_word' id='word_1_128' title='bbox 1350 1422 1507 1491; x_wconf 88' lang='lat' dir='ltr'><strong>parvi</strong></span> <span class='ocrx_word' id='word_1_129' title='bbox 1531 1420 1697 1476; x_wconf 85' lang='lat' dir='ltr'><strong>codex</strong></span> <span class='ocrx_word' id='word_1_130' title='bbox 1716 1422 1875 1476; x_wconf 86' lang='lat' dir='ltr'><strong>aesti-</strong></span> 
     </span>
     <span class='ocr_line' id='line_1_20' title="bbox 95 1493 1877 1567; baseline -0.001 -17"><span class='ocrx_word' id='word_1_131' title='bbox 95 1521 98 1523; x_wconf 45' lang='grc'>“</span> <span class='ocrx_word' id='word_1_132' title='bbox 173 1493 405 1550; x_wconf 60' lang='lat' dir='ltr'><strong>mondus</strong></span> <span class='ocrx_word' id='word_1_133' title='bbox 429 1497 529 1550; x_wconf 76' lang='lat' dir='ltr'><strong>est.</strong></span> <span class='ocrx_word' id='word_1_134' title='bbox 573 1494 788 1551; x_wconf 87' lang='lat' dir='ltr'><strong>Minimi</strong></span> <span class='ocrx_word' id='word_1_135' title='bbox 821 1495 984 1567; x_wconf 88' lang='lat' dir='ltr'><strong>pretii</strong></span> <span class='ocrx_word' id='word_1_136' title='bbox 1016 1498 1293 1565; x_wconf 82' lang='lat' dir='ltr'><strong>postremo</strong></span> <span class='ocrx_word' id='word_1_137' title='bbox 1321 1499 1450 1549; x_wconf 89' lang='lat' dir='ltr'><strong>sunt</strong></span> <span class='ocrx_word' id='word_1_138' title='bbox 1481 1496 1609 1550; x_wconf 86' lang='lat' dir='ltr'><strong>cod.</strong></span> <span class='ocrx_word' id='word_1_139' title='bbox 1637 1495 1877 1549; x_wconf 90' lang='lat' dir='ltr'><strong>Olden-</strong></span> 
     </span>
     <span class='ocr_line' id='line_1_21' title="bbox 126 1567 1879 1640; baseline 0.001 -18"><span class='ocrx_word' id='word_1_140' title='bbox 126 1634 128 1637; x_wconf 81' lang='lat'><em>.</em></span> <span class='ocrx_word' id='word_1_141' title='bbox 173 1567 522 1640; x_wconf 77' lang='lat' dir='ltr'><strong>burgensis</strong></span> <span class='ocrx_word' id='word_1_142' title='bbox 562 1570 798 1625; x_wconf 80' lang='lat' dir='ltr'><strong>chartac.</strong></span> <span class='ocrx_word' id='word_1_143' title='bbox 838 1589 973 1625; x_wconf 85' lang='lat' dir='ltr'><strong>saec.</strong></span> <span class='ocrx_word' id='word_1_144' title='bbox 1014 1570 1194 1640; x_wconf 83' lang='lat' dir='ltr'><strong>quinti</strong></span> <span class='ocrx_word' id='word_1_145' title='bbox 1233 1569 1451 1639; x_wconf 89' lang='lat' dir='ltr'><strong>decimi,</strong></span> <span class='ocrx_word' id='word_1_146' title='bbox 1497 1570 1610 1624; x_wconf 84' lang='lat' dir='ltr'><strong>foll.</strong></span> <span class='ocrx_word' id='word_1_147' title='bbox 1656 1571 1879 1625; x_wconf 83' lang='lat' dir='ltr'>1—18a</span> 
     </span>
     <span class='ocr_line' id='line_1_22' title="bbox 176 1641 1876 1715; baseline 0.002 -19"><span class='ocrx_word' id='word_1_148' title='bbox 176 1641 485 1698; x_wconf 85' lang='lat' dir='ltr'><strong>Achilleida</strong></span> <span class='ocrx_word' id='word_1_149' title='bbox 519 1644 995 1715; x_wconf 78' lang='lat' dir='ltr'><strong>comprehendenS,</strong></span> <span class='ocrx_word' id='word_1_150' title='bbox 1034 1662 1192 1715; x_wconf 88' lang='lat' dir='ltr'><strong>quem</strong></span> <span class='ocrx_word' id='word_1_151' title='bbox 1232 1644 1348 1714; x_wconf 90' lang='lat' dir='ltr'><strong>ipse</strong></span> <span class='ocrx_word' id='word_1_152' title='bbox 1381 1643 1621 1713; x_wconf 81' lang='lat' dir='ltr'><strong>adhibui,</strong></span> <span class='ocrx_word' id='word_1_153' title='bbox 1660 1649 1715 1698; x_wconf 85' lang='lat' dir='ltr'><strong>et</strong></span> <span class='ocrx_word' id='word_1_154' title='bbox 1746 1645 1876 1699; x_wconf 77' lang='lat' dir='ltr'><strong>cod,</strong></span> 
     </span>
     <span class='ocr_line' id='line_1_23' title="bbox 176 1713 1875 1790; baseline 0.001 -19"><span class='ocrx_word' id='word_1_155' title='bbox 176 1713 735 1790; x_wconf 76' lang='lat' dir='ltr'><strong>CaroliruhensiS,</strong></span> <span class='ocrx_word' id='word_1_156' title='bbox 775 1720 926 1773; x_wconf 86' lang='lat' dir='ltr'><strong>cuius</strong></span> <span class='ocrx_word' id='word_1_157' title='bbox 958 1719 1217 1774; x_wconf 84' lang='lat' dir='ltr'><strong>lectiones</strong></span> <span class='ocrx_word' id='word_1_158' title='bbox 1250 1737 1373 1772; x_wconf 93' lang='lat' dir='ltr'><strong>cum</strong></span> <span class='ocrx_word' id='word_1_159' title='bbox 1396 1718 1614 1773; x_wconf 84' lang='lat' dir='ltr'><strong>Menkio</strong></span> <span class='ocrx_word' id='word_1_160' title='bbox 1639 1736 1875 1773; x_wconf 88' lang='lat' dir='ltr'><strong>commu·</strong></span> 
     </span>
     <span class='ocr_line' id='line_1_24' title="bbox 178 1789 1876 1863; baseline 0.002 -19"><span class='ocrx_word' id='word_1_161' title='bbox 178 1789 390 1846; x_wconf 75' lang='lat' dir='ltr'><strong>nicetae</strong></span> <span class='ocrx_word' id='word_1_162' title='bbox 431 1795 559 1847; x_wconf 78' lang='lat' dir='ltr'><strong>sunt</strong></span> <span class='ocrx_word' id='word_1_163' title='bbox 596 1811 643 1848; x_wconf 87' lang='lat' dir='ltr'><strong>a.</strong></span> <span class='ocrx_word' id='word_1_164' title='bbox 674 1794 814 1848; x_wconf 88' lang='lat'>1817</span> <span class='ocrx_word' id='word_1_165' title='bbox 842 1813 876 1847; x_wconf 83' lang='lat' dir='ltr'><strong>a</strong></span> <span class='ocrx_word' id='word_1_166' title='bbox 898 1793 1133 1848; x_wconf 87' lang='lat' dir='ltr'><strong>Moltero</strong></span> <span class='ocrx_word' id='word_1_167' title='bbox 1172 1793 1265 1863; x_wconf 90' lang='lat' dir='ltr'><strong>qui</strong></span> <span class='ocrx_word' id='word_1_168' title='bbox 1304 1793 1359 1847; x_wconf 91' lang='lat' dir='ltr'><strong>id</strong></span> <span class='ocrx_word' id='word_1_169' title='bbox 1390 1794 1653 1863; x_wconf 82' lang='lat' dir='ltr'><strong>temporis</strong></span> <span class='ocrx_word' id='word_1_170' title='bbox 1685 1793 1876 1848; x_wconf 90' lang='lat' dir='ltr'><strong>biblio-</strong></span> 
     </span>
     <span class='ocr_line' id='line_1_25' title="bbox 178 1862 1875 1938; baseline 0.002 -20"><span class='ocrx_word' id='word_1_171' title='bbox 178 1862 367 1919; x_wconf 81' lang='lat' dir='ltr'><strong>thecae</strong></span> <span class='ocrx_word' id='word_1_172' title='bbox 419 1863 822 1922; x_wconf 82' lang='lat' dir='ltr'><strong>Caroliruhensi</strong></span> <span class='ocrx_word' id='word_1_173' title='bbox 880 1871 1145 1938; x_wconf 73' lang='lat' dir='ltr'><strong>praeerat.</strong></span> <span class='ocrx_word' id='word_1_174' title='bbox 1230 1866 1490 1922; x_wconf 78' lang='lat' dir='ltr'><strong>Continet</strong></span> <span class='ocrx_word' id='word_1_175' title='bbox 1543 1868 1656 1922; x_wconf 89' lang='lat' dir='ltr'><strong>cod.</strong></span> <span class='ocrx_word' id='word_1_176' title='bbox 1709 1885 1875 1922; x_wconf 88' lang='lat' dir='ltr'><strong>mem·</strong></span> 
     </span>
     <span class='ocr_line' id='line_1_26' title="bbox 179 1937 1877 2012; baseline 0.002 -21"><span class='ocrx_word' id='word_1_177' title='bbox 179 1937 333 1994; x_wconf 71' lang='lat' dir='ltr'><strong>bran.</strong></span> <span class='ocrx_word' id='word_1_178' title='bbox 372 1938 487 1995; x_wconf 85' lang='lat' dir='ltr'><strong>fon.</strong></span> <span class='ocrx_word' id='word_1_179' title='bbox 525 1941 595 1994; x_wconf 87' lang='grc'><strong>21</strong></span> <span class='ocrx_word' id='word_1_180' title='bbox 637 1941 970 1996; x_wconf 84' lang='lat' dir='ltr'><strong>Achilleidos</strong></span> <span class='ocrx_word' id='word_1_181' title='bbox 1007 1942 1178 1996; x_wconf 90' lang='lat' dir='ltr'><strong>libros</strong></span> <span class='ocrx_word' id='word_1_182' title='bbox 1217 1942 1477 2012; x_wconf 81' lang='lat' dir='ltr'><strong>quinque3</strong></span> <span class='ocrx_word' id='word_1_183' title='bbox 1518 1942 1752 2011; x_wconf 82' lang='lat' dir='ltr'><strong>scriptus</strong></span> <span class='ocrx_word' id='word_1_184' title='bbox 1792 1946 1877 1996; x_wconf 85' lang='lat' dir='ltr'><strong>est</strong></span> 
     </span>
     <span class='ocr_line' id='line_1_27' title="bbox 179 2011 1878 2085; baseline 0.004 -21"><span class='ocrx_word' id='word_1_185' title='bbox 179 2013 318 2066; x_wconf 78' lang='lat' dir='ltr'><strong>teste</strong></span> <span class='ocrx_word' id='word_1_186' title='bbox 362 2011 597 2069; x_wconf 81' lang='lat' dir='ltr'><strong>Moltero</strong></span> <span class='ocrx_word' id='word_1_187' title='bbox 643 2033 828 2069; x_wconf 81' lang='lat' dir='ltr'><strong>versus</strong></span> <span class='ocrx_word' id='word_1_188' title='bbox 874 2016 1037 2069; x_wconf 87' lang='lat' dir='ltr'><strong>finem</strong></span> <span class='ocrx_word' id='word_1_189' title='bbox 1084 2033 1220 2071; x_wconf 81' lang='lat' dir='ltr'><strong>saec.</strong></span> <span class='ocrx_word' id='word_1_190' title='bbox 1267 2017 1446 2085; x_wconf 87' lang='lat' dir='ltr'><strong>quarti</strong></span> <span class='ocrx_word' id='word_1_191' title='bbox 1499 2016 1691 2070; x_wconf 88' lang='lat' dir='ltr'><strong>decimi</strong></span> <span class='ocrx_word' id='word_1_192' title='bbox 1744 2017 1878 2071; x_wconf 80' lang='lat' dir='ltr'><strong>satis</strong></span> 
     </span>
     <span class='ocr_line' id='line_1_28' title="bbox 179 2088 1879 2160; baseline 0.004 -21"><span class='ocrx_word' id='word_1_193' title='bbox 179 2089 448 2156; x_wconf 76' lang='lat' dir='ltr'><strong>accurat03</strong></span> <span class='ocrx_word' id='word_1_194' title='bbox 486 2088 802 2143; x_wconf 81' lang='lat' dir='ltr'><strong>emendatus</strong></span> <span class='ocrx_word' id='word_1_195' title='bbox 841 2107 1051 2159; x_wconf 91' lang='lat' dir='ltr'><strong>quoque</strong></span> <span class='ocrx_word' id='word_1_196' title='bbox 1090 2092 1176 2143; x_wconf 81' lang='lat' dir='ltr'><strong>est</strong></span> <span class='ocrx_word' id='word_1_197' title='bbox 1213 2090 1324 2143; x_wconf 85' lang='lat' dir='ltr'><strong>alia</strong></span> <span class='ocrx_word' id='word_1_198' title='bbox 1354 2090 1448 2143; x_wconf 89' lang='lat' dir='ltr'><strong>sed</strong></span> <span class='ocrx_word' id='word_1_199' title='bbox 1477 2108 1647 2160; x_wconf 89' lang='lat' dir='ltr'><strong>prope</strong></span> <span class='ocrx_word' id='word_1_200' title='bbox 1678 2109 1879 2145; x_wconf 76' lang='lat' dir='ltr'><strong>coaeva</strong></span> 
     </span>
     <span class='ocr_line' id='line_1_29' title="bbox 180 2157 1879 2235; baseline 0.004 -22"><span class='ocrx_word' id='word_1_201' title='bbox 180 2177 361 2215; x_wconf 80' lang='lat' dir='ltr'><strong>manu.</strong></span> <span class='ocrx_word' id='word_1_202' title='bbox 409 2157 714 2231; x_wconf 86' lang='lat' dir='ltr'><strong>Adspersae</strong></span> <span class='ocrx_word' id='word_1_203' title='bbox 755 2168 881 2217; x_wconf 84' lang='lat' dir='ltr'><strong>sunt</strong></span> <span class='ocrx_word' id='word_1_204' title='bbox 917 2180 1015 2233; x_wconf 90' lang='lat' dir='ltr'><strong>per</strong></span> <span class='ocrx_word' id='word_1_205' title='bbox 1046 2164 1079 2216; x_wconf 81' lang='lat'>6</span> <span class='ocrx_word' id='word_1_206' title='bbox 1119 2163 1304 2233; x_wconf 83' lang='lat' dir='ltr'><strong>priora</strong></span> <span class='ocrx_word' id='word_1_207' title='bbox 1340 2164 1475 2218; x_wconf 85' lang='lat' dir='ltr'><strong>folia.</strong></span> <span class='ocrx_word' id='word_1_208' title='bbox 1513 2163 1564 2234; x_wconf 97' lang='lat' dir='ltr'><strong>(I</strong></span> <span class='ocrx_word' id='word_1_209' title='bbox 1602 2165 1879 2235; x_wconf 85' lang='lat'>19—300)</span> 
     </span>
     <span class='ocr_line' id='line_1_30' title="bbox 174 2232 1878 2307; baseline 0.005 -21"><span class='ocrx_word' id='word_1_210' title='bbox 174 2232 403 2304; x_wconf 81' lang='lat' dir='ltr'><strong>scholia,</strong></span> <span class='ocrx_word' id='word_1_211' title='bbox 442 2236 630 2290; x_wconf 81' lang='lat' dir='ltr'><strong>eadem</strong></span> <span class='ocrx_word' id='word_1_212' title='bbox 669 2255 833 2291; x_wconf 84' lang='lat' dir='ltr'><strong>manu</strong></span> <span class='ocrx_word' id='word_1_213' title='bbox 873 2238 1076 2307; x_wconf 85' lang='lat' dir='ltr'><strong>scripta</strong></span> <span class='ocrx_word' id='word_1_214' title='bbox 1114 2256 1221 2307; x_wconf 84' lang='lat' dir='ltr'><strong>qua</strong></span> <span class='ocrx_word' id='word_1_215' title='bbox 1261 2237 1374 2292; x_wconf 89' lang='lat' dir='ltr'><strong>cod.</strong></span> <span class='ocrx_word' id='word_1_216' title='bbox 1414 2239 1731 2292; x_wconf 82' lang='lat' dir='ltr'><strong>emendatus</strong></span> <span class='ocrx_word' id='word_1_217' title='bbox 1772 2243 1878 2294; x_wconf 85' lang='lat' dir='ltr'><strong>est:</strong></span> 
     </span>
     <span class='ocr_line' id='line_1_31' title="bbox 180 2311 1879 2385; baseline 0.004 -24"><span class='ocrx_word' id='word_1_218' title='bbox 180 2323 244 2362; x_wconf 74' lang='lat' dir='ltr'><strong>ea</strong></span> <span class='ocrx_word' id='word_1_219' title='bbox 295 2325 424 2363; x_wconf 85' lang='lat' dir='ltr'><strong>vero</strong></span> <span class='ocrx_word' id='word_1_220' title='bbox 486 2321 679 2364; x_wconf 80' lang='lat' dir='ltr'><strong>manus</strong></span> <span class='ocrx_word' id='word_1_221' title='bbox 733 2311 945 2366; x_wconf 84' lang='lat' dir='ltr'><strong>videtur</strong></span> <span class='ocrx_word' id='word_1_222' title='bbox 1005 2330 1123 2366; x_wconf 87' lang='lat' dir='ltr'><strong>esse</strong></span> <span class='ocrx_word' id='word_1_223' title='bbox 1186 2311 1412 2366; x_wconf 80' lang='lat' dir='ltr'><strong>Ioannis</strong></span> <span class='ocrx_word' id='word_1_224' title='bbox 1479 2313 1546 2367; x_wconf 91' lang='lat' dir='ltr'><strong>de</strong></span> <span class='ocrx_word' id='word_1_225' title='bbox 1608 2313 1879 2385; x_wconf 85' lang='lat' dir='ltr'><strong>Ugolinis,</strong></span> 
     </span>
     <span class='ocr_line' id='line_1_32' title="bbox 179 2381 1881 2458; baseline 0.005 -23"><span class='ocrx_word' id='word_1_226' title='bbox 179 2381 333 2436; x_wconf 90' lang='lat' dir='ltr'><strong>cuius</strong></span> <span class='ocrx_word' id='word_1_227' title='bbox 369 2382 508 2437; x_wconf 89' lang='lat' dir='ltr'><strong>liber</strong></span> <span class='ocrx_word' id='word_1_228' title='bbox 545 2385 676 2439; x_wconf 90' lang='lat' dir='ltr'><strong>olim</strong></span> <span class='ocrx_word' id='word_1_229' title='bbox 714 2385 831 2440; x_wconf 81' lang='lat' dir='ltr'><strong>fuit.</strong></span> <span class='ocrx_word' id='word_1_230' title='bbox 908 2386 1106 2458; x_wconf 83' lang='lat' dir='ltr'><strong>Atque,</strong></span> <span class='ocrx_word' id='word_1_231' title='bbox 1143 2390 1205 2440; x_wconf 84' lang='lat' dir='ltr'><strong>ut</strong></span> <span class='ocrx_word' id='word_1_232' title='bbox 1242 2405 1356 2440; x_wconf 89' lang='lat' dir='ltr'><strong>rem</strong></span> <span class='ocrx_word' id='word_1_233' title='bbox 1395 2387 1693 2458; x_wconf 82' lang='lat' dir='ltr'><strong>absolvam,</strong></span> <span class='ocrx_word' id='word_1_234' title='bbox 1731 2406 1881 2443; x_wconf 81' lang='lat' dir='ltr'><strong>acce-</strong></span> 
     </span>
     <span class='ocr_line' id='line_1_33' title="bbox 181 2454 1879 2534; baseline 0.004 -25"><span class='ocrx_word' id='word_1_235' title='bbox 181 2454 316 2510; x_wconf 80' lang='lat' dir='ltr'><strong>dunt</strong></span> <span class='ocrx_word' id='word_1_236' title='bbox 384 2457 627 2513; x_wconf 88' lang='lat' dir='ltr'><strong>codicum</strong></span> <span class='ocrx_word' id='word_1_237' title='bbox 694 2458 951 2515; x_wconf 82' lang='lat' dir='ltr'><strong>lectiones</strong></span> <span class='ocrx_word' id='word_1_238' title='bbox 1021 2480 1055 2516; x_wconf 85' lang='lat' dir='ltr'><strong>a</strong></span> <span class='ocrx_word' id='word_1_239' title='bbox 1116 2460 1406 2515; x_wconf 84' lang='lat' dir='ltr'><strong>Bernartio</strong></span> <span class='ocrx_word' id='word_1_240' title='bbox 1474 2461 1879 2534; x_wconf 87' lang='lat' dir='ltr'><strong>Lindenbrogio</strong></span> 
     </span>
     <span class='ocr_line' id='line_1_34' title="bbox 179 2527 1879 2606; baseline 0.004 -23"><span class='ocrx_word' id='word_1_241' title='bbox 179 2527 416 2592; x_wconf 79' lang='lat' dir='ltr'><strong>Queekio</strong></span> <span class='ocrx_word' id='word_1_242' title='bbox 482 2534 712 2602; x_wconf 79' lang='lat' dir='ltr'><strong>sparsim</strong></span> <span class='ocrx_word' id='word_1_243' title='bbox 773 2534 994 2605; x_wconf 73' lang='lat' dir='ltr'><strong>allatae3</strong></span> <span class='ocrx_word' id='word_1_244' title='bbox 1063 2539 1295 2606; x_wconf 81' lang='lat' dir='ltr'><strong>quatuor</strong></span> <span class='ocrx_word' id='word_1_245' title='bbox 1357 2554 1492 2606; x_wconf 92' lang='lat' dir='ltr'><strong>quos</strong></span> <span class='ocrx_word' id='word_1_246' title='bbox 1558 2536 1879 2590; x_wconf 78' lang='lat' dir='ltr'><strong>Bernartius</strong></span> 
     </span>
    </p>
   </div>
   <div class='ocr_carea' id='block_1_6' title="bbox 176 2602 1877 2733">
    <p class='ocr_par' dir='ltr' id='par_1_8' title="bbox 176 2602 1877 2733">
     <span class='ocr_line' id='line_1_35' title="bbox 178 2602 1877 2681; baseline 0.005 -24"><span class='ocrx_word' id='word_1_247' title='bbox 178 2602 427 2659; x_wconf 80' lang='lat' dir='ltr'><strong>adhibuit</strong></span> <span class='ocrx_word' id='word_1_248' title='bbox 481 2607 689 2662; x_wconf 89' lang='lat' dir='ltr'><strong>codices</strong></span> <span class='ocrx_word' id='word_1_249' title='bbox 738 2609 834 2663; x_wconf 92' lang='lat' dir='ltr'><strong>ubi</strong></span> <span class='ocrx_word' id='word_1_250' title='bbox 886 2611 1030 2664; x_wconf 81' lang='lat' dir='ltr'><strong>inter</strong></span> <span class='ocrx_word' id='word_1_251' title='bbox 1080 2628 1136 2664; x_wconf 92' lang='lat' dir='ltr'><strong>se</strong></span> <span class='ocrx_word' id='word_1_252' title='bbox 1186 2610 1554 2681; x_wconf 79' lang='lat' dir='ltr'><strong>consentiunt,</strong></span> <span class='ocrx_word' id='word_1_253' title='bbox 1611 2612 1770 2665; x_wconf 82' lang='lat' dir='ltr'><strong>litera</strong></span> <span class='ocrx_word' id='word_1_254' title='bbox 1818 2631 1877 2664; x_wconf 89' lang='lat' dir='ltr'><strong>m</strong></span> 
     </span>
     <span class='ocr_line' id='line_1_36' title="bbox 176 2694 476 2733; baseline 0.01 -3"><span class='ocrx_word' id='word_1_255' title='bbox 176 2694 304 2732; x_wconf 90' lang='lat' dir='ltr'><strong>usus</strong></span> <span class='ocrx_word' id='word_1_256' title='bbox 342 2697 476 2733; x_wconf 85' lang='lat' dir='ltr'><strong>sum.</strong></span> 
     </span>
    </p>
   </div>
   <div class='ocr_carea' id='block_1_7' title="bbox 177 2781 392 2790">
    <p class='ocr_par' dir='ltr' id='par_1_9' title="bbox 177 2781 392 2790">
     <span class='ocr_line' id='line_1_37' title="bbox 177 2781 392 2790; baseline 0 316"><span class='ocrx_word' id='word_1_257' title='bbox 177 2781 392 2790; x_wconf 95' lang='lat' dir='ltr'><strong> </strong></span> 
     </span>
    </p>
   </div>
   <div class='ocr_carea' id='block_1_8' title="bbox 295 2838 1375 2903">
    <p class='ocr_par' dir='ltr' id='par_1_10' title="bbox 295 2838 1375 2903">
     <span class='ocr_line' id='line_1_38' title="bbox 295 2838 1375 2903; baseline 0.005 -19"><span class='ocrx_word' id='word_1_258' title='bbox 295 2842 340 2896; x_wconf 85' lang='grc'><strong>6)</strong></span> <span class='ocrx_word' id='word_1_259' title='bbox 372 2838 439 2885; x_wconf 86' lang='lat' dir='ltr'><strong>Cf.</strong></span> <span class='ocrx_word' id='word_1_260' title='bbox 473 2841 699 2889; x_wconf 84' lang='lat' dir='ltr'><strong>Gronovii</strong></span> <span class='ocrx_word' id='word_1_261' title='bbox 730 2845 921 2903; x_wconf 77' lang='lat' dir='ltr'><strong>gustum</strong></span> <span class='ocrx_word' id='word_1_262' title='bbox 952 2845 1013 2891; x_wconf 87' lang='lat' dir='ltr'><strong>ad</strong></span> <span class='ocrx_word' id='word_1_263' title='bbox 1044 2844 1217 2892; x_wconf 87' lang='lat' dir='ltr'><strong>Achill.</strong></span> <span class='ocrx_word' id='word_1_264' title='bbox 1248 2845 1270 2890; x_wconf 94' lang='lat' dir='ltr'>I</span> <span class='ocrx_word' id='word_1_265' title='bbox 1304 2850 1375 2890; x_wconf 90' lang='lat'><strong>11.</strong></span> 
     </span>
    </p>
   </div>
  </div>
 </body>
</html>
