2020 3106
601 167 889 216 EDITOBIS
921 167 1280 215 PRAEFATIO.
1731 167 1794 212 IX
1860 230 1876 249 ·

103 293 929 441 ssffiffllsszssi'ssssssssssz312⁰}AE
967 292 1792 437 insssslissessf¹qiiffirsssspssssssssffi

88 446 269 502 sionis
301 447 469 499 testes
501 443 695 513 optimi
726 441 955 511 putandi
987 444 1135 494 sunt:
1176 438 1299 494 San
1336 438 1792 492 Germanensis

102 519 194 593 (8)-
220 518 552 574 Gudianus
585 517 657 571 54
688 513 812 588 (θ’)
845 514 1345 585 Bambergensis
1378 511 1485 583 (B).
1541 511 1795 582 Sequitur

103 593 294 649 deinde
332 594 487 663 copia
527 591 789 659 codicum,
839 589 931 659 qui
975 588 1136 642 mixti
1173 587 1317 658 quod
1356 587 1542 641 dicunt
1580 587 1792 657 generis

102 671 243 723 sunt.
317 666 400 720 De
445 664 719 721 codicibus
774 667 901 735 post
947 682 1082 718 saec.
1129 662 1502 715 duodecimum
1557 661 1792 715 exaratis

100 742 190 796 vix
229 740 436 813 aliquid
473 739 757 794 dicendum
799 741 897 792 est.

249 815 331 869 Ac
384 815 450 869 de
497 814 826 868 Puteaneo
877 810 1105 884 (Paris.
1153 810 1293 864 8051
1342 811 1411 881 P)
1469 810 1682 879 quidem
1736 810 1792 864 in

98 889 267 962 praef.
300 888 367 943 md
399 888 707 943 Achilleida.
743 906 794 958 p.
827 886 904 939 IX
936 886 1060 940 dixi.
1107 883 1386 954 Optimum
1418 885 1559 938 hunc
1591 883 1791 937 librum

100 964 229 1019 olim
274 963 367 1017 diu
416 964 472 1017 in
519 962 852 1016 monasterio
902 959 1215 1015 Corbeiensi
1255 959 1444 1023 fuisse,
1492 976 1603 1011 non
1647 975 1791 1011 novo

99 1038 195 1094 illo
236 1037 303 1092 ad
334 1036 616 1107 Visurgim
657 1036 778 1104 sito,
819 1035 913 1089 sed
952 1038 1131 1088 vetere
1165 1033 1230 1086 ad
1264 1031 1543 1086 Samaram
1576 1032 1792 1086 condito

88 1118 170 1167 αθ.
248 1109 514 1180 DOLVH,
553 1111 860 1180 nuperrime
899 1108 1292 1162 demonstravit
1332 1105 1460 1160 Otto
1501 1105 1793 1159 Muellerus

99 1187 154 1240 in
195 1186 382 1240 libello
423 1186 515 1254 qui
552 1184 864 1237 inscribitur
904 1182 1115 1236 ‘Electa
1146 1180 1411 1235 Statiana'
1444 1179 1622 1234 Berol.
1651 1181 1793 1234 1882

99 1278 149 1330 p.
194 1260 277 1314 12.
349 1257 501 1322 Quae
539 1275 625 1312 res
666 1261 892 1327 apparet
932 1275 959 1310 e
1007 1256 1402 1325 subscriptione
1450 1255 1598 1307 libri:
1650 1253 1795 1308 ‘Lib.

100 1333 301 1402 s[aneti
338 1330 549 1400 Petrir.
603 1330 842 1385 Litteras
881 1333 1030 1385 uncis
1070 1330 1330 1398 inclusas,
1369 1345 1507 1399 quae
1546 1328 1793 1398 quamvis

13 1451 15 1453 .
98 1407 398 1461 exstinctae
438 1407 550 1460 sint
594 1406 826 1460 dilucide
872 1405 1088 1475 possint
1133 1403 1303 1473 cerni,
1350 1421 1383 1456 a
1427 1402 1655 1457 Claudio
1695 1401 1794 1455 Pu-

13 1539 15 1542 ,
97 1485 260 1536 teano
306 1480 425 1552 ipso
472 1498 653 1534 erasas
702 1496 818 1533 esse
864 1497 975 1533 non
1028 1478 1299 1531 immerito
1347 1477 1579 1530 coniecit
1624 1476 1794 1530 Muel-

102 1556 262 1625 leruS‚
293 1572 417 1610 cum
450 1556 674 1624 constet,
711 1552 874 1607 Statii
908 1554 1182 1622 exemplar
1213 1570 1333 1605 cum
1366 1552 1486 1604 aliis
1518 1550 1793 1604 codicibus

99 1647 130 1683 e
154 1629 485 1683 bibliotheca
509 1627 822 1683 Corbeiensi
845 1630 962 1680 tum
995 1627 1234 1696 expilata
1259 1644 1380 1678 eum
1415 1625 1518 1678 sibi
1551 1643 1794 1694 assump-

100 1704 251 1758 sisse.
325 1702 686 1771 Puteaneum‚
727 1702 924 1772 quippe
965 1719 1122 1771 quem
1163 1701 1334 1753 multo
1375 1700 1642 1768 optimum
1682 1717 1794 1753 om·

101 1778 251 1831 nium
282 1780 586 1832 ceterorum
611 1776 853 1830 codicum
885 1778 941 1829 et
972 1775 1337 1828 certissimum
1369 1777 1645 1827 auctorem
1677 1791 1794 1826 esse

99 1868 260 1905 nemo
306 1851 409 1905 erit
454 1852 547 1921 qui
592 1853 776 1922 neget,
824 1850 1063 1903 maxima
1101 1866 1221 1902 cum
1263 1848 1546 1918 diligentia
1588 1848 1670 1900 ita
1716 1864 1796 1900 se-

98 1929 256 1979 cutus
311 1942 457 1993 sum,
510 1927 572 1977 ut
627 1925 704 1978 eis
758 1926 972 1977 tantum
1025 1924 1159 1976 locis
1216 1924 1284 1976 ab
1340 1922 1794 1989 eodiscederem,

99 1998 294 2069 quibus
341 2001 437 2052 aut
480 1997 683 2052 indicia
731 2014 921 2051 manus
968 1997 1391 2067 interpolatricis
1439 1999 1534 2049 aut
1582 2013 1792 2049 errores
1879 2002 1883 2005 “

97 2072 310 2126 'librarii
347 2072 623 2126 manifesti
664 2074 1002 2141 apparerent.

247 2147 490 2200 Alterius
519 2145 847 2199 recensionis
880 2146 1126 2214 exempla
1157 2144 1293 2197 mihi
1325 2146 1542 2214 praesto
1575 2143 1795 2196 fuerunt

98 2221 310 2289 optima
348 2220 480 2273 tria:
519 2229 556 2274 S
597 2218 670 2273 G²
706 2228 766 2273 B.

89 2311 95 2316 ·
248 2292 390 2347 Ood.
460 2293 795 2346 Parisinus
863 2294 1042 2347 1304ss
1112 2291 1261 2363 (San
1332 2290 1793 2345 Germanensis

92 2364 334 2440 ·1170)s
365 2368 804 2421 membranaceus
839 2385 975 2421 saec.
1007 2367 1081 2419 Χο
1114 2370 1381 2434 exaratuS,
1423 2365 1602 2419 forma
1632 2383 1793 2435 quam

101 2445 298 2495 vocant
335 2441 697 2511 quartanaria‚
737 2441 978 2495 eontinet
1015 2441 1129 2495 foll.
1165 2442 1267 2494 117
1311 2441 1483 2494 solam
1516 2439 1795 2493 Thebaida

99 2532 222 2568 cum
261 2515 459 2585 glossis
500 2516 674 2584 spisse
715 2515 1013 2585 adscriptis,
1090 2515 1317 2568 Librum
1365 2515 1432 2567 ab
1479 2532 1588 2567 una
1629 2532 1795 2566 manu

101 2589 378 2659 scriptum,
418 2589 485 2642 ab
526 2589 701 2642 altera
739 2593 1052 2657 correctum,
1090 2590 1146 2641 in
1177 2589 1335 2641 initio
1368 2591 1424 2641 et
1455 2588 1512 2640 in
1544 2588 1648 2640 fine
1684 2605 1794 2641 non

98 2662 260 2732 plane
297 2663 586 2732 integrum,
627 2663 743 2732 ipse
784 2681 889 2715 una
928 2681 1050 2716 eum
1090 2663 1365 2715 Puteaneo
1408 2662 1630 2715 contuli.

247 2735 456 2790 Codex
478 2736 807 2790 Gudianus
833 2745 912 2790 54
929 2735 1003 2789 (32
1019 2737 1312 2790 membran.
1338 2735 1515 2789 forma
1540 2735 1792 2804 maxima,

100 2825 239 2862 saec.
274 2807 340 2862 Χ1
377 2811 462 2863 vel
500 2807 595 2863 XF
639 2811 873 2864 ineuntis
921 2809 1011 2881 (cf.
1058 2809 1226 2879 praef.
1265 2810 1332 2862 ad
1371 2808 1572 2862 Achill.
1611 2827 1662 2878 p.
1701 2807 1794 2878 X),

100 2883 342 2936 continet
365 2883 641 2937 Thebaida
665 2887 719 2937 et
742 2884 1059 2938 Achilleida.
1100 2882 1312 2938 Desunt
1337 2887 1389 2937 et
1413 2884 1517 2937 toti
1540 2882 1793 2936 nonnulli
