1976 3094
10 2699 17 2820 ἒ

10 2831 18 2882 1

10 2894 17 2940 3

578 720 646 783 P.
692 718 1000 781 PAPINII
1048 718 1313 780 STATII

505 849 1388 936 THEBAIDOS

741 1029 1022 1115 Ide-ER
1076 1029 1142 1084 v.

170 1255 339 1311 Pulsa
378 1255 500 1314 sitis
539 1255 726 1321 fluvio,
766 1254 1134 1325 populataque
1175 1251 1412 1322 gurgitis
1454 1252 1667 1305 alveum

94 1330 334 1402 Agmina
370 1329 691 1401 linquebant
727 1329 875 1399 ripas
916 1345 1237 1397 amnemque
1277 1326 1565 1395 minorem3

31 1449 36 1456 .
96 1404 294 1460 Acrior
333 1407 388 1459 et
426 1422 678 1476 campum
718 1403 934 1473 sonipes
973 1402 1119 1472 rapit
1159 1405 1214 1455 et
1252 1400 1417 1470 pedes
1457 1418 1590 1455 arva

96 1478 298 1550 Implet
336 1497 530 1549 ovans,
569 1478 773 1533 rediere
813 1477 945 1532 viris
985 1476 1258 1546 animique
1299 1475 1583 1544 minaeque

96 1552 374 1624 Votaque,
414 1553 725 1624 sanguineis
765 1552 994 1606 mixtum
1034 1569 1130 1605 ceu
1169 1549 1415 1604 fontibus
1454 1549 1638 1620 ignem
1762 1561 1792 1603 5

96 1626 427 1683 Hausissent
463 1627 593 1683 belli
633 1643 964 1699 magnasque
1004 1626 1062 1679 in
1100 1625 1312 1696 proelia
1352 1626 1573 1678 mentes,

96 1700 367 1773 Dispositi
404 1702 463 1756 in
499 1704 710 1756 turmas
749 1719 936 1755 rursus
976 1700 1257 1771 legemque
1298 1698 1471 1752 severi

98 1775 315 1830 Ordinis
324 1818 338 1847 ,
374 1779 437 1831 ut
475 1776 667 1846 cuique
708 1778 832 1830 ante
871 1776 1020 1829 locus
1062 1775 1381 1843 ductorque,
1419 1774 1710 1827 monentur

99 1849 412 1905 Instaurare
449 1851 583 1905 vias.
658 1849 844 1904 Tellus
883 1850 1002 1903 iam-
1032 1849 1254 1919 pulvere
1293 1849 1471 1917 primo

101 1921 332 1995 Crescit,
372 1927 428 1978 et
467 1942 738 1978 armorum
775 1924 1159 1978 transmittunt
1196 1922 1415 1993 fulgura
1454 1921 1639 1975 silvae.
1739 1933 1795 1975 10

99 1997 296 2061 Qualia
333 2001 488 2052 trans
525 2000 757 2068 pontum
794 1997 1010 2051 Phariis
1051 1997 1273 2051 defensa
1313 1996 1515 2050 serenis

99 2071 286 2127 Rauca
323 2072 650 2127 Paraetonio
693 2071 955 2125 decedunt
994 2071 1215 2141 agmina
1252 2069 1400 2139 Nilo,

98 2143 235 2200 Cum
274 2146 388 2200 fera
426 2147 581 2217 ponit
617 2146 819 2200 hiems:
859 2146 986 2199 illae
1026 2145 1279 2215 clangore
1318 2143 1526 2215 fugaci,

96 2219 306 2275 Umbra
343 2221 500 2275 fretis
539 2219 814 2291 arvisque,
853 2219 1064 2290 volant,
1106 2221 1264 2273 sonat
1304 2218 1455 2272 avius
1496 2217 1699 2271 aether.

35 2288 43 2349 ,ἓ
98 2293 216 2349 Iam
252 2293 471 2350 Borean
510 2295 821 2365 imbresque
858 2294 990 2363 pati,
1022 2293 1132 2347 iam
1170 2311 1301 2346 nare
1342 2291 1537 2347 solutis
1740 2303 1795 2345 15

99 2368 367 2424 Amnibus
409 2372 463 2423 et
500 2370 645 2423 nudo
684 2369 836 2423 iuvat
876 2368 1142 2422 aestivare
1184 2368 1283 2420 sub
1322 2366 1549 2420 Haemo,

170 2441 276 2498 Hic
313 2463 499 2499 rursus
541 2443 707 2497 simili
743 2461 1029 2512 procerum
1068 2442 1307 2496 vallante
1348 2458 1548 2495 corona

98 2515 221 2571 Dux
259 2517 626 2588 Talaionides,
666 2518 890 2587 antiqua
930 2520 991 2571 ut
1028 2517 1170 2572 forte
1211 2516 1311 2570 sub
1353 2533 1487 2569 orno

220 2667 243 2708 1
277 2663 424 2708 altum
454 2669 486 2707 P
518 2662 679 2707 aluum
708 2662 973 2720 30:281112
1006 2662 1117 2708 Post
1146 2663 1267 2707 hunc
1288 2676 1328 2708 v.
1361 2662 1415 2706 in
1435 2665 1469 2703 P
1501 2661 1620 2705 inter
1651 2659 1797 2704 lineas

99 2720 264 2781 leyitwr
291 2724 400 2769 haec
429 2725 606 2781 ylossa:
645 2721 785 2766 Illum
803 2722 991 2766 etenim
1027 2721 1167 2766 ardor
1200 2719 1463 2765 sitientium
1494 2719 1755 2763 exsiccarat
1782 2718 1800 2778 11

99 2785 127 2826 3
158 2794 288 2827 arma
316 2787 349 2826 P
371 2783 388 2840 11
412 2786 438 2827 5
470 2780 718 2840 sanguinei
752 2782 863 2827 Beh.
899 2783 1025 2838 πδ11
1057 2787 1084 2826 8
1115 2781 1337 2825 monor&
1365 2785 1398 2822 P
1429 2782 1444 2837 11
1477 2784 1530 2823 11
1564 2778 1798 2836 deprensa

98 2842 166 2884 Pb
195 2842 291 2898 1113
329 2841 457 2900 cogit
485 2847 518 2885 P
559 2844 566 2899 1
606 2840 769 2898 sagaci
802 2841 913 2887 Ber».
953 2842 969 2898 11
1010 2846 1066 2886 14
1090 2841 1261 2885 arduus
1294 2839 1548 2885 Muellerus
1595 2837 1797 2883 arcticus

98 2898 406 2947 Baehoeensius
427 2903 443 2959 11
470 2906 524 2947 18
557 2899 754 2956 antiqua
784 2899 906 2945 forte
939 2901 1042 2957 (om.
1074 2902 1143 2957 ut)
1176 2901 1216 2944 δ
