1976 3126
666 192 1010 240 THEBAIDOS
1042 194 1151 241 LIB.
1185 194 1303 240 vm.
1720 195 1829 250 229

142 311 508 368 Transmittit:
547 332 747 386 magno
786 315 940 371 furor
979 320 1062 371 est
1099 317 1156 371 in
1197 317 1460 389 sanguine
1500 318 1695 390 mergi,
1742 330 1829 372 595

139 386 254 443 Nec
293 387 399 442 nisi
438 389 716 460 regnantis
758 391 961 445 cervice
999 392 1312 447 recumbere
1351 391 1508 447 tauri.

139 464 216 519 At
253 480 363 517 non
402 464 711 518 semianimi
751 465 984 519 clamore
1024 465 1312 521 Menoecea
1350 467 1538 537 lapsus

139 538 305 593 Fallit
341 537 505 610 Atys:
544 539 842 609 praevertit
881 557 1047 610 equos
1087 559 1351 611 curruque
1390 541 1561 595 citato

135 612 360 684 Desilit3
400 613 643 668 instabat
680 614 851 683 pubes
892 614 1139 685 Tegeaea
1176 615 1398 685 iacenti,

136 687 252 743 Nec
290 686 585 757 prohibent
622 686 792 758 Tyrii.
855 687 1112 760 ‘Pudeat,
1153 687 1389 743 Cadmea
1426 690 1701 758 iuventus,
1742 701 1829 742 600

137 761 462 832 Terrigenas
501 763 730 816 mentita
767 764 974 833 patres!
1015 782 1122 833 quo
1161 763 1403 818 tenditis’
1443 763 1643 833 inquit,

139 835 518 908 ‘Degeneres?
556 837 824 891 meliusne
862 838 1003 891 iacet
1041 857 1141 908 pro
1183 839 1447 909 sanguine
1486 840 1675 891 nostro

136 910 351 982 Hospes
383 911 564 982 Atys?
602 914 818 966 tantum
856 912 1057 983 hospes
1097 912 1272 966 adhuc
1311 917 1366 967 et
1405 912 1649 983 coniugis
1682 910 1830 965 ultor

138 985 340 1039 Infelix
380 985 621 1040 nondum
659 986 764 1040 iste
805 1005 954 1057 suae3
993 1004 1094 1041 nos
1133 987 1368 1058 pignora
1403 990 1562 1040 tanta

138 1059 491 1115 Prodimus‘?'
545 1060 846 1132 Insurgunt
883 1061 1029 1114 iusto
1069 1062 1288 1115 firmata
1325 1061 1532 1131 pudore
1743 1071 1830 1113 605

137 1135 399 1207 Agmina,
439 1135 629 1206 cuique
669 1152 794 1189 suae
832 1135 1038 1189 rediere
1076 1136 1134 1189 in
1172 1139 1393 1205 pectora
1432 1151 1606 1189 curae.

213 1209 427 1264 Interea
466 1209 700 1264 thalami
739 1213 945 1263 secreta
983 1210 1040 1263 in
1078 1213 1230 1279 parte
1271 1228 1511 1275 sorores,

140 1285 245 1338 Par
284 1283 434 1338 aliud
470 1293 684 1338 'morum
726 1284 1015 1354 miserique
1055 1284 1278 1338 innoxia
1316 1285 1497 1353 proles

139 1358 469 1429 Oedipodae,
507 1357 687 1412 varias
728 1358 957 1412 miscent
996 1377 1244 1412 sermone
1285 1358 1569 1428 querellas.

140 1432 256 1487 Nec
293 1432 438 1486 mala
479 1450 616 1503 quae
655 1432 829 1501 iuxta,
872 1433 966 1485 sed
1004 1434 1173 1503 longa
1213 1433 1281 1486 ab
1323 1432 1531 1502 origine
1570 1431 1695 1499 fati,
1742 1443 1829 1484 610

138 1507 289 1562 Haec
329 1507 521 1561 matris
560 1506 773 1577 taedae„
813 1507 999 1561 oeulos
1040 1511 1127 1560 ast
1165 1507 1264 1560 illa
1301 1510 1584 1577 patern08‚

139 1582 332 1636 Altera
367 1583 710 1653 regnantem,
749 1581 1042 1651 profugum
1081 1582 1252 1652 gemit
1291 1581 1464 1635 altera
1504 1581 1750 1647 fratrem,

140 1656 299 1712 Bella
339 1657 544 1710 ambae.
623 1654 818 1709 Gravis
858 1655 984 1710 hinc
1023 1656 1176 1710 misti
1215 1656 1492 1709 cunctatio
1533 1654 1666 1707 voti:

138 1731 316 1785 Mutat
345 1734 575 1800 utroque
606 1730 792 1799 timor,
833 1748 1121 1798 quemnam
1152 1730 1255 1784 hoc
1288 1730 1581 1783 certamine
1611 1729 1833 1795 victum,

144 1804 315 1868 Quem
351 1804 546 1859 vicisse
585 1804 775 1858 velint:
814 1805 978 1858 tacite
1018 1804 1417 1874 praeponderat
1455 1803 1595 1857 exul.
1745 1817 1830 1856 615

143 1878 232 1933 Sic
269 1877 602 1933 Pandioniae
640 1881 894 1947 repetunt
931 1879 1027 1932 ubi
1065 1879 1175 1932 fida
1212 1879 1458 1932 volucres

139 1952 398 2022 Hospitia
437 1955 598 2021 atque
635 1953 806 2006 larem
845 1952 1038 2006 bruma
1076 1953 1329 2023 pulsante
1368 1953 1641 2020 relictum,

144 2026 409 2097 Stantque
449 2044 611 2097 super
646 2026 802 2079 nidos
842 2027 1149 2097 veterisque
1190 2027 1410 2080 exordia
1448 2027 1550 2079 fati

140 2101 454 2155 Adnarrant
490 2099 653 2154 tectis
694 2103 748 2154 et
784 2103 1038 2154 truncum
1077 2119 1139 2154 ac
1177 2101 1356 2154 flebile
1395 2118 1639 2153 murmur

139 2174 322 2229 Verba
345 2177 558 2244 putant,
581 2192 793 2243 voxque
815 2173 914 2228 illa
936 2178 1120 2228 tamen
1143 2193 1254 2227 non
1278 2175 1500 2227 dissona
1525 2173 1718 2227 verbis.
1744 2186 1831 2227 620

144 2249 325 2319 Atque
363 2249 442 2302 ibi
480 2251 608 2317 post
645 2248 898 2302 lacrimas
940 2252 995 2302 et
1031 2249 1199 2319 longa
1238 2248 1458 2301 silentia
1495 2266 1683 2301 rursus

148 2322 378 2377 Incohat
415 2322 648 2376 Ismene:
691 2321 978 2386 ‘Quisnam
1017 2323 1105 2376 hic
1144 2323 1468 2376 mortalibus
1510 2321 1698 2376 error?

146 2397 294 2460 Quae
335 2398 560 2465 decepta
597 2396 765 2450 fides?
804 2415 988 2451 curam
1028 2397 1313 2468 invigilare
1353 2397 1525 2467 quieti

261 2577 346 2619 602
364 2572 503 2618 ‘iaces
533 2577 566 2615 P
597 2574 615 2639 [ι
644 2577 731 2617 604
760 2585 856 2616 non
884 2572 1086 2630 pignora
1114 2577 1147 2615 Ρ
1177 2575 1193 2630 ΙΙ
1226 2577 1311 2618 605
1343 2571 1583 2616 flammata
1615 2572 1833 2617 Schrade—

140 2646 221 2678 ωε
243 2633 260 2690 ΙΙ
283 2637 368 2678 607
408 2631 635 2676 thalamis
667 2636 700 2674 1²
729 2633 746 2689 11
777 2637 862 2677 609
901 2631 1033 2676 vario
1070 2632 1298 2677 Bar-thius
1321 2633 1336 2688 ΙΙ
1361 2637 1443 2676 611
1486 2631 1644 2675 oculos
1683 2630 1835 2688 gemit

139 2691 225 2736 ma
253 2695 287 2735 1³
310 2692 326 2748 ΙΙ
350 2696 436 2736 613
476 2690 638 2735 miseri
676 2692 802 2736 codd.
828 2692 927 2737 edd.
959 2690 1090 2735 misti
1122 2705 1235 2736 cor-r.
1268 2691 1497 2735 Barthius
1527 2692 1625 2736 coll.
1667 2691 1831 2736 Claud.

141 2750 202 2797 R.
237 2750 319 2796 Pr.
353 2750 390 2794 I
416 2754 506 2796 132
537 2753 552 2808 ΙΙ
584 2754 671 2796 614
708 2749 864 2795 Mutat
894 2755 927 2794 1²
964 2751 1116 2795 Nutat
1153 2754 1278 2793 ΒΒΠ
1315 2748 1480 2794 Nutrit
1518 2765 1549 2804 g
1578 2751 1595 2806 ΙΙ
1626 2754 1711 2793 616
1750 2750 1833 2794 ubi

141 2810 269 2856 avita
299 2809 359 2857 R.
395 2810 640 2869 Unyerusss
665 2814 749 2855 617
781 2809 1015 2855 relincunt
1039 2810 1349 2855 Baehrensius
1371 2810 1387 2865 11
1412 2813 1497 2854 619
1529 2808 1775 2853 Adnarant
1798 2813 1834 2851 Ρ

139 2869 374 2914 Enarrant
397 2874 479 2913 811
503 2871 600 2914 edd.
634 2868 695 2912 Et
725 2870 921 2914 narrant
944 2885 966 2913 c
988 2869 1257 2914 Etnarrant
1279 2872 1312 2911 B
1344 2868 1615 2912 Adnarrant
1637 2870 1803 2926 scripsi
1818 2870 1834 2927 Η

143 2932 228 2974 623
261 2942 341 2973 cur
371 2928 622 2985 inuigilare
655 2933 687 2971 P
