<?xml version="1.0" encoding="UTF-8"?>
<!DOCTYPE html PUBLIC "-//W3C//DTD XHTML 1.0 Transitional//EN"
    "http://www.w3.org/TR/xhtml1/DTD/xhtml1-transitional.dtd">
<html xmlns="http://www.w3.org/1999/xhtml" xml:lang="en" lang="en">
 <head>
  <title>
</title>
<meta http-equiv="Content-Type" content="text/html;charset=utf-8" />
  <meta name='ocr-system' content='tesseract 3.04.00' />
  <meta name='ocr-capabilities' content='ocr_page ocr_carea ocr_par ocr_line ocrx_word'/>
</head>
<body>
  <div class='ocr_page' id='page_1' title='image "./operapapinius12statuoft_0279.png"; bbox 0 0 2020 3106; ppageno 0'>
   <div class='ocr_carea' id='block_1_1' title="bbox 0 0 79 2390">
    <p class='ocr_par' dir='ltr' id='par_1_1' title="bbox 0 0 79 2390">
     <span class='ocr_line' id='line_1_1' title="bbox 0 0 79 2390; baseline 0 0"><span class='ocrx_word' id='word_1_1' title='bbox 0 0 79 2390; x_wconf 95' lang='lat' dir='ltr'><strong> </strong></span> 
     </span>
    </p>
   </div>
   <div class='ocr_carea' id='block_1_2' title="bbox 652 139 1773 195">
    <p class='ocr_par' dir='ltr' id='par_1_2' title="bbox 652 139 1773 195">
     <span class='ocr_line' id='line_1_2' title="bbox 652 139 1773 195; baseline 0.003 -11"><span class='ocrx_word' id='word_1_2' title='bbox 652 139 995 187; x_wconf 84' lang='lat' dir='ltr'><strong>THEBAIDOS</strong></span> <span class='ocrx_word' id='word_1_3' title='bbox 1027 139 1135 186; x_wconf 92' lang='lat' dir='ltr'><strong>LIB.</strong></span> <span class='ocrx_word' id='word_1_4' title='bbox 1170 141 1201 186; x_wconf 95' lang='lat' dir='ltr'><strong>I.</strong></span> <span class='ocrx_word' id='word_1_5' title='bbox 1741 144 1773 195; x_wconf 85' lang='grc'><strong>9</strong></span> 
     </span>
    </p>
   </div>
   <div class='ocr_carea' id='block_1_3' title="bbox 27 259 1773 1959">
    <p class='ocr_par' dir='ltr' id='par_1_3' title="bbox 30 259 1642 333">
     <span class='ocr_line' id='line_1_3' title="bbox 30 259 1642 333; baseline 0.001 -18"><span class='ocrx_word' id='word_1_6' title='bbox 30 280 32 286; x_wconf 95' lang='grc'><em>·</em></span> <span class='ocrx_word' id='word_1_7' title='bbox 92 259 349 331; x_wconf 89' lang='lat' dir='ltr'><strong>Prompta</strong></span> <span class='ocrx_word' id='word_1_8' title='bbox 386 278 576 315; x_wconf 87' lang='lat' dir='ltr'><strong>manus</strong></span> <span class='ocrx_word' id='word_1_9' title='bbox 615 279 798 331; x_wconf 86' lang='lat' dir='ltr'><strong>casus,</strong></span> <span class='ocrx_word' id='word_1_10' title='bbox 837 262 1053 317; x_wconf 87' lang='lat' dir='ltr'>domino</span> <span class='ocrx_word' id='word_1_11' title='bbox 1093 262 1407 333; x_wconf 90' lang='lat' dir='ltr'><strong>cuicumque</strong></span> <span class='ocrx_word' id='word_1_12' title='bbox 1446 264 1642 332; x_wconf 87' lang='lat' dir='ltr'><strong>parati.</strong></span> 
     </span>
    </p>

    <p class='ocr_par' dir='ltr' id='par_1_4' title="bbox 30 333 1647 480">
     <span class='ocr_line' id='line_1_4' title="bbox 30 333 1647 406; baseline 0.002 -20"><span class='ocrx_word' id='word_1_13' title='bbox 30 378 32 383; x_wconf 74' lang='grc'>,</span> <span class='ocrx_word' id='word_1_14' title='bbox 95 333 336 398; x_wconf 72' lang='lat' dir='ltr'><strong>Qualiter</strong></span> <span class='ocrx_word' id='word_1_15' title='bbox 373 333 498 388; x_wconf 91' lang='lat' dir='ltr'><strong>hinc</strong></span> <span class='ocrx_word' id='word_1_16' title='bbox 537 335 744 406; x_wconf 83' lang='lat' dir='ltr'><strong>gelidus</strong></span> <span class='ocrx_word' id='word_1_17' title='bbox 786 335 1012 406; x_wconf 88' lang='lat' dir='ltr'><strong>Boreas,</strong></span> <span class='ocrx_word' id='word_1_18' title='bbox 1052 337 1179 390; x_wconf 89' lang='lat' dir='ltr'><strong>hinc</strong></span> <span class='ocrx_word' id='word_1_19' title='bbox 1217 336 1430 390; x_wconf 85' lang='lat' dir='ltr'><strong>nubifer</strong></span> <span class='ocrx_word' id='word_1_20' title='bbox 1469 335 1647 391; x_wconf 85' lang='lat' dir='ltr'>Eurus</span> 
     </span>
     <span class='ocr_line' id='line_1_5' title="bbox 92 406 1491 480; baseline 0.002 -18"><span class='ocrx_word' id='word_1_21' title='bbox 92 406 228 463; x_wconf 87' lang='lat' dir='ltr'><strong>Vela</strong></span> <span class='ocrx_word' id='word_1_22' title='bbox 264 407 511 479; x_wconf 85' lang='lat' dir='ltr'><strong>trahunt,</strong></span> <span class='ocrx_word' id='word_1_23' title='bbox 549 412 710 463; x_wconf 88' lang='lat' dir='ltr'><strong>nutat</strong></span> <span class='ocrx_word' id='word_1_24' title='bbox 749 410 957 464; x_wconf 90' lang='lat' dir='ltr'><strong>mediae</strong></span> <span class='ocrx_word' id='word_1_25' title='bbox 996 411 1216 464; x_wconf 85' lang='lat' dir='ltr'><strong>fortuna</strong></span> <span class='ocrx_word' id='word_1_26' title='bbox 1256 411 1491 480; x_wconf 86' lang='lat' dir='ltr'><strong>carinae,</strong></span> 
     </span>
    </p>

    <p class='ocr_par' dir='ltr' id='par_1_5' title="bbox 31 479 1770 632">
     <span class='ocr_line' id='line_1_6' title="bbox 92 479 1770 555; baseline 0.002 -20"><span class='ocrx_word' id='word_1_27' title='bbox 92 479 234 553; x_wconf 89' lang='lat' dir='ltr'><strong>(Heu</strong></span> <span class='ocrx_word' id='word_1_28' title='bbox 273 481 434 536; x_wconf 89' lang='lat' dir='ltr'><strong>dubio</strong></span> <span class='ocrx_word' id='word_1_29' title='bbox 475 501 734 553; x_wconf 85' lang='lat' dir='ltr'><strong>suspensa</strong></span> <span class='ocrx_word' id='word_1_30' title='bbox 773 487 922 538; x_wconf 90' lang='lat' dir='ltr'><strong>metu</strong></span> <span class='ocrx_word' id='word_1_31' title='bbox 961 484 1350 555; x_wconf 87' lang='lat' dir='ltr'><strong>tolerandaque</strong></span> <span class='ocrx_word' id='word_1_32' title='bbox 1389 485 1556 539; x_wconf 89' lang='lat' dir='ltr'><strong>nullis</strong></span> <span class='ocrx_word' id='word_1_33' title='bbox 1688 499 1770 540; x_wconf 86' lang='lat'><strong>195</strong></span> 
     </span>
     <span class='ocr_line' id='line_1_7' title="bbox 31 554 1640 632; baseline 0.003 -23"><span class='ocrx_word' id='word_1_34' title='bbox 31 597 33 632; x_wconf 42' lang='grc' dir='ltr'>ε</span> <span class='ocrx_word' id='word_1_35' title='bbox 91 554 302 626; x_wconf 80' lang='lat' dir='ltr'><strong>Aspera</strong></span> <span class='ocrx_word' id='word_1_36' title='bbox 340 573 456 610; x_wconf 86' lang='lat' dir='ltr'><strong>sors</strong></span> <span class='ocrx_word' id='word_1_37' title='bbox 495 557 711 627; x_wconf 89' lang='lat' dir='ltr'><strong>populis</strong></span> <span class='ocrx_word' id='word_1_38' title='bbox 729 555 764 629; x_wconf 80' lang='lat' dir='ltr'><strong>l)</strong></span> <span class='ocrx_word' id='word_1_39' title='bbox 805 558 895 611; x_wconf 93' lang='lat' dir='ltr'><strong>hic</strong></span> <span class='ocrx_word' id='word_1_40' title='bbox 933 559 1193 628; x_wconf 87' lang='lat' dir='ltr'><strong>imperat,</strong></span> <span class='ocrx_word' id='word_1_41' title='bbox 1232 559 1327 612; x_wconf 89' lang='lat' dir='ltr'><strong>ille</strong></span> <span class='ocrx_word' id='word_1_42' title='bbox 1366 558 1640 614; x_wconf 88' lang='lat' dir='ltr'><strong>minatur.’</strong></span> 
     </span>
    </p>

    <p class='ocr_par' dir='ltr' id='par_1_6' title="bbox 32 627 1462 702">
     <span class='ocr_line' id='line_1_8' title="bbox 32 627 1462 702; baseline 0.003 -20"><span class='ocrx_word' id='word_1_43' title='bbox 32 691 33 696; x_wconf 9' lang='grc' dir='ltr'>η</span> <span class='ocrx_word' id='word_1_44' title='bbox 162 629 240 683; x_wconf 88' lang='lat' dir='ltr'><strong>At</strong></span> <span class='ocrx_word' id='word_1_45' title='bbox 275 627 422 685; x_wconf 85' lang='lat' dir='ltr'><strong>Iovis</strong></span> <span class='ocrx_word' id='word_1_46' title='bbox 462 630 690 701; x_wconf 89' lang='lat' dir='ltr'><strong>imperio</strong></span> <span class='ocrx_word' id='word_1_47' title='bbox 730 632 907 702; x_wconf 90' lang='lat' dir='ltr'><strong>rapidi</strong></span> <span class='ocrx_word' id='word_1_48' title='bbox 948 651 1108 702; x_wconf 88' lang='lat' dir='ltr'><strong>super</strong></span> <span class='ocrx_word' id='word_1_49' title='bbox 1147 633 1289 686; x_wconf 89' lang='lat' dir='ltr'><strong>atria</strong></span> <span class='ocrx_word' id='word_1_50' title='bbox 1328 634 1462 687; x_wconf 88' lang='lat' dir='ltr'><strong>caeli</strong></span> 
     </span>
    </p>

    <p class='ocr_par' dir='ltr' id='par_1_7' title="bbox 32 701 1306 760">
     <span class='ocr_line' id='line_1_9' title="bbox 32 701 1306 760; baseline 0.002 -3"><span class='ocrx_word' id='word_1_51' title='bbox 32 725 33 733; x_wconf 52' lang='lat'>¹</span> <span class='ocrx_word' id='word_1_52' title='bbox 89 701 282 758; x_wconf 87' lang='lat' dir='ltr'><strong>Lectus</strong></span> <span class='ocrx_word' id='word_1_53' title='bbox 323 704 550 760; x_wconf 91' lang='lat' dir='ltr'><strong>concilio</strong></span> <span class='ocrx_word' id='word_1_54' title='bbox 589 704 771 759; x_wconf 83' lang='lat' dir='ltr'><strong>divum</strong></span> <span class='ocrx_word' id='word_1_55' title='bbox 813 709 1135 760; x_wconf 85' lang='lat' dir='ltr'><strong>convenerat</strong></span> <span class='ocrx_word' id='word_1_56' title='bbox 1175 707 1306 760; x_wconf 83' lang='lat' dir='ltr'><strong>ordo</strong></span> 
     </span>
    </p>

    <p class='ocr_par' dir='ltr' id='par_1_8' title="bbox 32 771 1773 997">
     <span class='ocr_line' id='line_1_10' title="bbox 32 771 1419 850; baseline 0.003 -20"><span class='ocrx_word' id='word_1_57' title='bbox 32 771 33 820; x_wconf 68' lang='grc' dir='ltr'><strong>ἓ</strong></span> <span class='ocrx_word' id='word_1_58' title='bbox 91 774 355 832; x_wconf 86' lang='lat' dir='ltr'><strong>Interiore</strong></span> <span class='ocrx_word' id='word_1_59' title='bbox 392 778 534 848; x_wconf 89' lang='lat' dir='ltr'>polo.</span> <span class='ocrx_word' id='word_1_60' title='bbox 613 777 817 849; x_wconf 84' lang='lat' dir='ltr'><strong>Spatiis</strong></span> <span class='ocrx_word' id='word_1_61' title='bbox 856 780 984 833; x_wconf 90' lang='lat' dir='ltr'><strong>hinc</strong></span> <span class='ocrx_word' id='word_1_62' title='bbox 1024 781 1207 834; x_wconf 87' lang='lat' dir='ltr'><strong>omnia</strong></span> <span class='ocrx_word' id='word_1_63' title='bbox 1246 782 1419 850; x_wconf 85' lang='lat' dir='ltr'><strong>iuxta,</strong></span> 
     </span>
     <span class='ocr_line' id='line_1_11' title="bbox 89 849 1773 923; baseline 0.003 -19"><span class='ocrx_word' id='word_1_64' title='bbox 89 849 404 922; x_wconf 89' lang='lat' dir='ltr'><strong>Primaeque</strong></span> <span class='ocrx_word' id='word_1_65' title='bbox 443 851 799 923; x_wconf 82' lang='lat' dir='ltr'>occiduaeque</span> <span class='ocrx_word' id='word_1_66' title='bbox 839 853 1031 908; x_wconf 87' lang='lat' dir='ltr'><strong>domus</strong></span> <span class='ocrx_word' id='word_1_67' title='bbox 1071 858 1125 908; x_wconf 90' lang='lat' dir='ltr'><strong>et</strong></span> <span class='ocrx_word' id='word_1_68' title='bbox 1163 855 1285 908; x_wconf 87' lang='lat' dir='ltr'><strong>fusa</strong></span> <span class='ocrx_word' id='word_1_69' title='bbox 1324 856 1423 909; x_wconf 88' lang='lat' dir='ltr'><strong>sub</strong></span> <span class='ocrx_word' id='word_1_70' title='bbox 1463 856 1609 908; x_wconf 88' lang='lat' dir='ltr'><strong>omni</strong></span> <span class='ocrx_word' id='word_1_71' title='bbox 1688 869 1773 909; x_wconf 79' lang='lat'><strong>200</strong></span> 
     </span>
     <span class='ocr_line' id='line_1_12' title="bbox 90 921 1615 997; baseline 0.003 -19"><span class='ocrx_word' id='word_1_72' title='bbox 90 921 255 979; x_wconf 85' lang='lat' dir='ltr'><strong>Terra</strong></span> <span class='ocrx_word' id='word_1_73' title='bbox 293 927 454 997; x_wconf 86' lang='lat' dir='ltr'><strong>atque</strong></span> <span class='ocrx_word' id='word_1_74' title='bbox 492 926 636 981; x_wconf 88' lang='lat' dir='ltr'><strong>unda</strong></span> <span class='ocrx_word' id='word_1_75' title='bbox 674 927 781 997; x_wconf 82' lang='lat' dir='ltr'><strong>die3</strong></span> <span class='ocrx_word' id='word_1_76' title='bbox 822 928 1014 981; x_wconf 89' lang='lat' dir='ltr'><strong>mediis</strong></span> <span class='ocrx_word' id='word_1_77' title='bbox 1056 947 1175 983; x_wconf 88' lang='lat' dir='ltr'><strong>sese</strong></span> <span class='ocrx_word' id='word_1_78' title='bbox 1214 929 1410 983; x_wconf 89' lang='lat' dir='ltr'><strong>arduus</strong></span> <span class='ocrx_word' id='word_1_79' title='bbox 1450 929 1615 983; x_wconf 87' lang='lat' dir='ltr'><strong>infert</strong></span> 
     </span>
    </p>

    <p class='ocr_par' dir='ltr' id='par_1_9' title="bbox 27 995 1591 1071">
     <span class='ocr_line' id='line_1_13' title="bbox 27 995 1591 1071; baseline 0.003 -20"><span class='ocrx_word' id='word_1_80' title='bbox 27 1027 29 1067; x_wconf 69' lang='lat'>3</span> <span class='ocrx_word' id='word_1_81' title='bbox 88 995 210 1067; x_wconf 85' lang='lat' dir='ltr'><strong>Ipse</strong></span> <span class='ocrx_word' id='word_1_82' title='bbox 249 998 386 1070; x_wconf 83' lang='lat' dir='ltr'><strong>deis,</strong></span> <span class='ocrx_word' id='word_1_83' title='bbox 422 1000 636 1070; x_wconf 88' lang='lat' dir='ltr'><strong>placido</strong></span> <span class='ocrx_word' id='word_1_84' title='bbox 678 1001 926 1071; x_wconf 88' lang='lat' dir='ltr'><strong>quatiens</strong></span> <span class='ocrx_word' id='word_1_85' title='bbox 965 1005 1149 1056; x_wconf 89' lang='lat' dir='ltr'><strong>tamen</strong></span> <span class='ocrx_word' id='word_1_86' title='bbox 1190 1003 1375 1057; x_wconf 85' lang='lat' dir='ltr'><strong>omnia</strong></span> <span class='ocrx_word' id='word_1_87' title='bbox 1415 1003 1591 1070; x_wconf 86' lang='lat' dir='ltr'><strong>vultu,</strong></span> 
     </span>
    </p>

    <p class='ocr_par' dir='ltr' id='par_1_10' title="bbox 28 1067 1412 1146">
     <span class='ocr_line' id='line_1_14' title="bbox 28 1067 1412 1146; baseline 0.004 -22"><span class='ocrx_word' id='word_1_88' title='bbox 28 1069 34 1141; x_wconf 61' lang='lat' dir='ltr'><em>J</em></span> <span class='ocrx_word' id='word_1_89' title='bbox 93 1067 449 1144; x_wconf 87' lang='lat' dir='ltr'><strong>Stellantique</strong></span> <span class='ocrx_word' id='word_1_90' title='bbox 488 1074 632 1129; x_wconf 87' lang='lat' dir='ltr'><strong>locat</strong></span> <span class='ocrx_word' id='word_1_91' title='bbox 672 1076 833 1140; x_wconf 84' lang='lat' dir='ltr'><strong>soli03</strong></span> <span class='ocrx_word' id='word_1_92' title='bbox 873 1094 971 1130; x_wconf 91' lang='lat' dir='ltr'><strong>nec</strong></span> <span class='ocrx_word' id='word_1_93' title='bbox 1009 1078 1254 1146; x_wconf 89' lang='lat' dir='ltr'><strong>protinus</strong></span> <span class='ocrx_word' id='word_1_94' title='bbox 1295 1078 1412 1131; x_wconf 89' lang='lat' dir='ltr'><strong>ausi</strong></span> 
     </span>
    </p>

    <p class='ocr_par' dir='ltr' id='par_1_11' title="bbox 28 1141 1483 1221">
     <span class='ocr_line' id='line_1_15' title="bbox 28 1141 1483 1221; baseline 0.003 -22"><span class='ocrx_word' id='word_1_95' title='bbox 28 1175 29 1208; x_wconf 44' lang='lat'>4</span> <span class='ocrx_word' id='word_1_96' title='bbox 90 1141 414 1218; x_wconf 80' lang='lat' dir='ltr'><strong>Caelicolae,</strong></span> <span class='ocrx_word' id='word_1_97' title='bbox 451 1148 665 1203; x_wconf 82' lang='lat' dir='ltr'><strong>veniam</strong></span> <span class='ocrx_word' id='word_1_98' title='bbox 705 1149 874 1204; x_wconf 88' lang='lat' dir='ltr'>donec</span> <span class='ocrx_word' id='word_1_99' title='bbox 913 1154 1069 1220; x_wconf 88' lang='lat' dir='ltr'><strong>pater</strong></span> <span class='ocrx_word' id='word_1_100' title='bbox 1108 1151 1223 1221; x_wconf 90' lang='lat' dir='ltr'><strong>ipse</strong></span> <span class='ocrx_word' id='word_1_101' title='bbox 1264 1151 1483 1205; x_wconf 89' lang='lat' dir='ltr'><strong>sedendi</strong></span> 
     </span>
    </p>

    <p class='ocr_par' dir='ltr' id='par_1_12' title="bbox 28 1216 1769 1368">
     <span class='ocr_line' id='line_1_16' title="bbox 28 1216 1769 1297; baseline 0.005 -26"><span class='ocrx_word' id='word_1_102' title='bbox 28 1256 29 1271; x_wconf 31' lang='lat'>¹</span> <span class='ocrx_word' id='word_1_103' title='bbox 88 1216 401 1291; x_wconf 88' lang='lat' dir='ltr'><strong>Tranquilla</strong></span> <span class='ocrx_word' id='word_1_104' title='bbox 437 1222 589 1276; x_wconf 85' lang='lat' dir='ltr'><strong>iubet</strong></span> <span class='ocrx_word' id='word_1_105' title='bbox 627 1240 743 1277; x_wconf 86' lang='lat' dir='ltr'><strong>esse</strong></span> <span class='ocrx_word' id='word_1_106' title='bbox 782 1242 960 1278; x_wconf 90' lang='lat' dir='ltr'><strong>manu.</strong></span> <span class='ocrx_word' id='word_1_107' title='bbox 1021 1224 1150 1278; x_wconf 89' lang='lat' dir='ltr'><strong>Mox</strong></span> <span class='ocrx_word' id='word_1_108' title='bbox 1188 1226 1350 1279; x_wconf 87' lang='lat' dir='ltr'><strong>turba</strong></span> <span class='ocrx_word' id='word_1_109' title='bbox 1380 1243 1643 1297; x_wconf 84' lang='lat' dir='ltr'><strong>vagorum</strong></span> <span class='ocrx_word' id='word_1_110' title='bbox 1684 1240 1769 1278; x_wconf 78' lang='lat'><strong>205</strong></span> 
     </span>
     <span class='ocr_line' id='line_1_17' title="bbox 92 1290 1503 1368; baseline 0.004 -21"><span class='ocrx_word' id='word_1_111' title='bbox 92 1290 392 1348; x_wconf 86' lang='lat' dir='ltr'><strong>Semideum</strong></span> <span class='ocrx_word' id='word_1_112' title='bbox 434 1298 488 1349; x_wconf 90' lang='lat' dir='ltr'><strong>et</strong></span> <span class='ocrx_word' id='word_1_113' title='bbox 526 1298 752 1351; x_wconf 87' lang='lat' dir='ltr'><strong>summis</strong></span> <span class='ocrx_word' id='word_1_114' title='bbox 792 1299 1012 1368; x_wconf 78' lang='lat' dir='ltr'>cognati</span> <span class='ocrx_word' id='word_1_115' title='bbox 1050 1299 1284 1352; x_wconf 90' lang='lat' dir='ltr'><strong>nubibus</strong></span> <span class='ocrx_word' id='word_1_116' title='bbox 1318 1317 1503 1353; x_wconf 88' lang='lat' dir='ltr'><strong>amnes</strong></span> 
     </span>
    </p>

    <p class='ocr_par' dir='ltr' id='par_1_13' title="bbox 86 1364 1522 1439">
     <span class='ocr_line' id='line_1_18' title="bbox 86 1364 1522 1439; baseline 0.003 -19"><span class='ocrx_word' id='word_1_117' title='bbox 86 1364 162 1421; x_wconf 77' lang='lat' dir='ltr'><strong>Et</strong></span> <span class='ocrx_word' id='word_1_118' title='bbox 200 1385 510 1439; x_wconf 85' lang='lat' dir='ltr'><strong>compressa</strong></span> <span class='ocrx_word' id='word_1_119' title='bbox 548 1374 698 1424; x_wconf 90' lang='lat' dir='ltr'><strong>metu</strong></span> <span class='ocrx_word' id='word_1_120' title='bbox 739 1376 1017 1426; x_wconf 86' lang='lat' dir='ltr'><strong>servantes</strong></span> <span class='ocrx_word' id='word_1_121' title='bbox 1058 1391 1335 1427; x_wconf 89' lang='lat' dir='ltr'><strong>murmura</strong></span> <span class='ocrx_word' id='word_1_122' title='bbox 1373 1373 1522 1426; x_wconf 88' lang='lat' dir='ltr'><strong>venti</strong></span> 
     </span>
    </p>

    <p class='ocr_par' dir='ltr' id='par_1_14' title="bbox 87 1438 1505 1589">
     <span class='ocr_line' id='line_1_19' title="bbox 89 1438 1505 1514; baseline 0.004 -20"><span class='ocrx_word' id='word_1_123' title='bbox 89 1438 268 1495; x_wconf 88' lang='lat' dir='ltr'><strong>Aurea</strong></span> <span class='ocrx_word' id='word_1_124' title='bbox 305 1446 451 1497; x_wconf 85' lang='lat' dir='ltr'><strong>tecta</strong></span> <span class='ocrx_word' id='word_1_125' title='bbox 487 1444 714 1514; x_wconf 87' lang='lat' dir='ltr'><strong>replent.</strong></span> <span class='ocrx_word' id='word_1_126' title='bbox 791 1444 967 1499; x_wconf 87' lang='lat' dir='ltr'><strong>Mixta</strong></span> <span class='ocrx_word' id='word_1_127' title='bbox 1006 1464 1244 1501; x_wconf 85' lang='lat' dir='ltr'><strong>convexa</strong></span> <span class='ocrx_word' id='word_1_128' title='bbox 1282 1447 1505 1501; x_wconf 89' lang='lat' dir='ltr'><strong>deorum</strong></span> 
     </span>
     <span class='ocr_line' id='line_1_20' title="bbox 87 1512 1397 1589; baseline 0.005 -22"><span class='ocrx_word' id='word_1_129' title='bbox 87 1512 372 1570; x_wconf 76' lang='lat' dir='ltr'><strong>Maiestate</strong></span> <span class='ocrx_word' id='word_1_130' title='bbox 411 1519 671 1589; x_wconf 87' lang='lat' dir='ltr'><strong>tremunt,</strong></span> <span class='ocrx_word' id='word_1_131' title='bbox 710 1519 926 1572; x_wconf 86' lang='lat' dir='ltr'><strong>radiant</strong></span> <span class='ocrx_word' id='word_1_132' title='bbox 965 1521 1167 1574; x_wconf 88' lang='lat' dir='ltr'><strong>maiore</strong></span> <span class='ocrx_word' id='word_1_133' title='bbox 1210 1539 1397 1574; x_wconf 87' lang='lat' dir='ltr'><strong>sereno</strong></span> 
     </span>
    </p>

    <p class='ocr_par' dir='ltr' id='par_1_15' title="bbox 85 1584 1773 1810">
     <span class='ocr_line' id='line_1_21' title="bbox 87 1584 1773 1664; baseline 0.005 -23"><span class='ocrx_word' id='word_1_134' title='bbox 87 1584 336 1643; x_wconf 85' lang='lat' dir='ltr'><strong>Culmina</strong></span> <span class='ocrx_word' id='word_1_135' title='bbox 375 1593 429 1644; x_wconf 90' lang='lat' dir='ltr'><strong>et</strong></span> <span class='ocrx_word' id='word_1_136' title='bbox 468 1609 663 1646; x_wconf 89' lang='lat' dir='ltr'><strong>arcano</strong></span> <span class='ocrx_word' id='word_1_137' title='bbox 704 1593 957 1648; x_wconf 89' lang='lat' dir='ltr'><strong>fiorentes</strong></span> <span class='ocrx_word' id='word_1_138' title='bbox 998 1595 1200 1648; x_wconf 86' lang='lat' dir='ltr'><strong>lumine</strong></span> <span class='ocrx_word' id='word_1_139' title='bbox 1239 1598 1443 1664; x_wconf 75' lang='lat' dir='ltr'><strong>postes,</strong></span> <span class='ocrx_word' id='word_1_140' title='bbox 1687 1610 1773 1650; x_wconf 73' lang='lat'><strong>210</strong></span> 
     </span>
     <span class='ocr_line' id='line_1_22' title="bbox 85 1659 1594 1739; baseline 0.005 -24"><span class='ocrx_word' id='word_1_141' title='bbox 85 1659 378 1733; x_wconf 86' lang='lat' dir='ltr'><strong>Postquam</strong></span> <span class='ocrx_word' id='word_1_142' title='bbox 416 1664 566 1719; x_wconf 87' lang='lat' dir='ltr'><strong>iussa</strong></span> <span class='ocrx_word' id='word_1_143' title='bbox 605 1667 754 1736; x_wconf 91' lang='lat' dir='ltr'><strong>quies</strong></span> <span class='ocrx_word' id='word_1_144' title='bbox 796 1668 1053 1738; x_wconf 82' lang='lat' dir='ltr'><strong>siluitque</strong></span> <span class='ocrx_word' id='word_1_145' title='bbox 1092 1669 1381 1722; x_wconf 85' lang='lat' dir='ltr'><strong>exterritus</strong></span> <span class='ocrx_word' id='word_1_146' title='bbox 1422 1669 1594 1739; x_wconf 78' lang='lat' dir='ltr'><strong>orbiS‚</strong></span> 
     </span>
     <span class='ocr_line' id='line_1_23' title="bbox 86 1732 1460 1810; baseline 0.007 -22"><span class='ocrx_word' id='word_1_147' title='bbox 86 1732 283 1806; x_wconf 83' lang='lat' dir='ltr'><strong>Incipit</strong></span> <span class='ocrx_word' id='word_1_148' title='bbox 320 1755 384 1791; x_wconf 89' lang='lat' dir='ltr'><strong>cx</strong></span> <span class='ocrx_word' id='word_1_149' title='bbox 422 1738 536 1793; x_wconf 89' lang='lat' dir='ltr'><strong>alto</strong></span> <span class='ocrx_word' id='word_1_150' title='bbox 576 1737 766 1810; x_wconf 80' lang='lat' dir='ltr'><strong>(grave</strong></span> <span class='ocrx_word' id='word_1_151' title='bbox 807 1745 861 1795; x_wconf 87' lang='lat' dir='ltr'><strong>et</strong></span> <span class='ocrx_word' id='word_1_152' title='bbox 900 1742 1219 1796; x_wconf 85' lang='lat' dir='ltr'><strong>inmutabile</strong></span> <span class='ocrx_word' id='word_1_153' title='bbox 1259 1744 1460 1798; x_wconf 84' lang='lat' dir='ltr'><strong>sanctis</strong></span> 
     </span>
    </p>

    <p class='ocr_par' dir='ltr' id='par_1_16' title="bbox 87 1806 1615 1959">
     <span class='ocr_line' id='line_1_24' title="bbox 87 1806 1615 1888; baseline 0.006 -27"><span class='ocrx_word' id='word_1_154' title='bbox 87 1806 304 1862; x_wconf 89' lang='lat' dir='ltr'><strong>Pondus</strong></span> <span class='ocrx_word' id='word_1_155' title='bbox 345 1810 498 1865; x_wconf 88' lang='lat' dir='ltr'><strong>adest</strong></span> <span class='ocrx_word' id='word_1_156' title='bbox 533 1815 734 1884; x_wconf 78' lang='lat' dir='ltr'><strong>verbiS‚</strong></span> <span class='ocrx_word' id='word_1_157' title='bbox 774 1819 829 1868; x_wconf 89' lang='lat' dir='ltr'><strong>et</strong></span> <span class='ocrx_word' id='word_1_158' title='bbox 869 1834 1053 1870; x_wconf 87' lang='lat' dir='ltr'>vocem</span> <span class='ocrx_word' id='word_1_159' title='bbox 1092 1815 1230 1870; x_wconf 85' lang='lat' dir='ltr'><strong>Fata</strong></span> <span class='ocrx_word' id='word_1_160' title='bbox 1270 1817 1615 1888; x_wconf 80' lang='lat' dir='ltr'><strong>sequuntur):</strong></span> 
     </span>
     <span class='ocr_line' id='line_1_25' title="bbox 91 1879 1355 1959; baseline 0.008 -25"><span class='ocrx_word' id='word_1_161' title='bbox 91 1879 395 1959; x_wconf 73' lang='lat' dir='ltr'><strong>‘Terrarum</strong></span> <span class='ocrx_word' id='word_1_162' title='bbox 434 1884 630 1940; x_wconf 82' lang='lat' dir='ltr'><strong>delicta</strong></span> <span class='ocrx_word' id='word_1_163' title='bbox 667 1906 766 1942; x_wconf 87' lang='lat' dir='ltr'><strong>nec</strong></span> <span class='ocrx_word' id='word_1_164' title='bbox 806 1890 1169 1944; x_wconf 83' lang='lat' dir='ltr'><strong>exsaturabile</strong></span> <span class='ocrx_word' id='word_1_165' title='bbox 1208 1890 1355 1944; x_wconf 88' lang='lat' dir='ltr'><strong>Diris</strong></span> 
     </span>
    </p>
   </div>
   <div class='ocr_carea' id='block_1_4' title="bbox 86 1994 440 2004">
    <p class='ocr_par' dir='ltr' id='par_1_17' title="bbox 86 1994 440 2004">
     <span class='ocr_line' id='line_1_26' title="bbox 86 1994 440 2004; baseline 0 1102"><span class='ocrx_word' id='word_1_166' title='bbox 86 1994 440 2004; x_wconf 95' lang='lat' dir='ltr'><strong> </strong></span> 
     </span>
    </p>
   </div>
   <div class='ocr_carea' id='block_1_5' title="bbox 87 2043 1770 2215">
    <p class='ocr_par' dir='ltr' id='par_1_18' title="bbox 87 2043 1770 2215">
     <span class='ocr_line' id='line_1_27' title="bbox 205 2043 1770 2107; baseline 0.006 -21"><span class='ocrx_word' id='word_1_167' title='bbox 205 2047 289 2087; x_wconf 86' lang='grc'><strong>205</strong></span> <span class='ocrx_word' id='word_1_168' title='bbox 315 2057 382 2099; x_wconf 85' lang='lat' dir='ltr'><strong>sq.</strong></span> <span class='ocrx_word' id='word_1_169' title='bbox 411 2043 546 2089; x_wconf 83' lang='lat' dir='ltr'><strong>‘Mox</strong></span> <span class='ocrx_word' id='word_1_170' title='bbox 569 2072 624 2079; x_wconf 91' lang='lat'>—</span> <span class='ocrx_word' id='word_1_171' title='bbox 650 2046 932 2092; x_wconf 87' lang='lat' dir='ltr'><strong>semideum’</strong></span> <span class='ocrx_word' id='word_1_172' title='bbox 962 2049 1136 2094; x_wconf 87' lang='lat' dir='ltr'><strong>schol.</strong></span> <span class='ocrx_word' id='word_1_173' title='bbox 1163 2049 1306 2094; x_wconf 89' lang='lat' dir='ltr'><strong>Theb.</strong></span> <span class='ocrx_word' id='word_1_174' title='bbox 1333 2050 1354 2092; x_wconf 95' lang='lat' dir='ltr'><strong><em>I</em></strong></span> <span class='ocrx_word' id='word_1_175' title='bbox 1379 2056 1465 2096; x_wconf 83' lang='grc'><strong>720</strong></span> <span class='ocrx_word' id='word_1_176' title='bbox 1488 2066 1532 2107; x_wconf 88' lang='lat' dir='ltr'><strong>p.</strong></span> <span class='ocrx_word' id='word_1_177' title='bbox 1559 2058 1613 2096; x_wconf 88' lang='lat'><strong>41</strong></span> <span class='ocrx_word' id='word_1_178' title='bbox 1641 2052 1687 2096; x_wconf 89' lang='lat' dir='ltr'><strong>L.</strong></span> <span class='ocrx_word' id='word_1_179' title='bbox 1717 2079 1770 2086; x_wconf 97' lang='lat'>—</span> 
     </span>
     <span class='ocr_line' id='line_1_28' title="bbox 87 2101 1768 2164; baseline 0.007 -19"><span class='ocrx_word' id='word_1_180' title='bbox 87 2105 186 2146; x_wconf 85' lang='grc'>206.</span> <span class='ocrx_word' id='word_1_181' title='bbox 223 2101 292 2146; x_wconf 79' lang='lat' dir='ltr'><strong>‘et</strong></span> <span class='ocrx_word' id='word_1_182' title='bbox 315 2128 369 2134; x_wconf 93' lang='lat'><strong>—-</strong></span> <span class='ocrx_word' id='word_1_183' title='bbox 396 2105 575 2148; x_wconf 88' lang='lat' dir='ltr'><strong>amnes&#39;</strong></span> <span class='ocrx_word' id='word_1_184' title='bbox 611 2106 782 2150; x_wconf 86' lang='lat' dir='ltr'><strong>schol.</strong></span> <span class='ocrx_word' id='word_1_185' title='bbox 816 2106 961 2151; x_wconf 88' lang='lat' dir='ltr'><strong>Theb.</strong></span> <span class='ocrx_word' id='word_1_186' title='bbox 993 2108 1013 2150; x_wconf 92' lang='grc' dir='ltr'>Ι</span> <span class='ocrx_word' id='word_1_187' title='bbox 1044 2113 1130 2153; x_wconf 87' lang='grc'><strong>365</strong></span> <span class='ocrx_word' id='word_1_188' title='bbox 1161 2123 1206 2164; x_wconf 90' lang='lat' dir='ltr'><strong>p.</strong></span> <span class='ocrx_word' id='word_1_189' title='bbox 1241 2115 1297 2153; x_wconf 90' lang='grc'><strong>23</strong></span> <span class='ocrx_word' id='word_1_190' title='bbox 1322 2109 1368 2154; x_wconf 90' lang='lat' dir='ltr'><strong>L.</strong></span> <span class='ocrx_word' id='word_1_191' title='bbox 1405 2136 1459 2143; x_wconf 89' lang='lat'><em>-</em></span> <span class='ocrx_word' id='word_1_192' title='bbox 1494 2116 1593 2155; x_wconf 88' lang='grc'>213.</span> <span class='ocrx_word' id='word_1_193' title='bbox 1624 2113 1692 2156; x_wconf 84' lang='lat' dir='ltr'><strong>‘et</strong></span> <span class='ocrx_word' id='word_1_194' title='bbox 1718 2139 1768 2144; x_wconf 89' lang='lat'><strong>—</strong></span> 
     </span>
     <span class='ocr_line' id='line_1_29' title="bbox 89 2161 1229 2215; baseline 0.007 -12"><span class='ocrx_word' id='word_1_195' title='bbox 89 2161 360 2215; x_wconf 85' lang='lat' dir='ltr'><strong>sequuntur’</strong></span> <span class='ocrx_word' id='word_1_196' title='bbox 396 2162 544 2208; x_wconf 83' lang='lat' dir='ltr'><strong>Serv.</strong></span> <span class='ocrx_word' id='word_1_197' title='bbox 578 2164 639 2208; x_wconf 86' lang='lat' dir='ltr'><strong>ad</strong></span> <span class='ocrx_word' id='word_1_198' title='bbox 670 2164 785 2209; x_wconf 87' lang='lat' dir='ltr'><strong>Aen.</strong></span> <span class='ocrx_word' id='word_1_199' title='bbox 817 2164 860 2207; x_wconf 87' lang='lat' dir='ltr'>H</span> <span class='ocrx_word' id='word_1_200' title='bbox 890 2171 948 2210; x_wconf 88' lang='lat'><strong>54</strong></span> <span class='ocrx_word' id='word_1_201' title='bbox 979 2168 1027 2210; x_wconf 90' lang='lat' dir='ltr'><strong>et</strong></span> <span class='ocrx_word' id='word_1_202' title='bbox 1058 2167 1099 2210; x_wconf 92' lang='lat' dir='ltr'>X</span> <span class='ocrx_word' id='word_1_203' title='bbox 1131 2171 1229 2211; x_wconf 89' lang='grc'>628.</span> 
     </span>
    </p>
   </div>
   <div class='ocr_carea' id='block_1_6' title="bbox 86 2260 438 2267">
    <p class='ocr_par' dir='ltr' id='par_1_19' title="bbox 86 2260 438 2267">
     <span class='ocr_line' id='line_1_30' title="bbox 86 2260 438 2267; baseline 0 839"><span class='ocrx_word' id='word_1_204' title='bbox 86 2260 438 2267; x_wconf 95' lang='lat' dir='ltr'><strong> </strong></span> 
     </span>
    </p>
   </div>
   <div class='ocr_carea' id='block_1_7' title="bbox 205 2308 1777 2363">
    <p class='ocr_par' dir='ltr' id='par_1_20' title="bbox 205 2308 1777 2363">
     <span class='ocr_line' id='line_1_31' title="bbox 205 2308 1777 2363; baseline 0.008 -12"><span class='ocrx_word' id='word_1_205' title='bbox 205 2313 287 2353; x_wconf 85' lang='grc'><strong>193</strong></span> <span class='ocrx_word' id='word_1_206' title='bbox 326 2308 513 2353; x_wconf 86' lang='lat' dir='ltr'><strong>nubifer</strong></span> <span class='ocrx_word' id='word_1_207' title='bbox 543 2310 714 2356; x_wconf 84' lang='lat' dir='ltr'><strong>Auster</strong></span> <span class='ocrx_word' id='word_1_208' title='bbox 743 2327 835 2358; x_wconf 77' lang='lat' dir='ltr'><strong>van</strong></span> <span class='ocrx_word' id='word_1_209' title='bbox 865 2313 1044 2359; x_wconf 75' lang='lat' dir='ltr'><strong>Kooten</strong></span> <span class='ocrx_word' id='word_1_210' title='bbox 1074 2316 1136 2360; x_wconf 83' lang='lat' dir='ltr'><strong>ad</strong></span> <span class='ocrx_word' id='word_1_211' title='bbox 1167 2316 1303 2361; x_wconf 88' lang='lat' dir='ltr'>Hom.</span> <span class='ocrx_word' id='word_1_212' title='bbox 1336 2317 1443 2362; x_wconf 81' lang='lat' dir='ltr'><strong>Lat.</strong></span> <span class='ocrx_word' id='word_1_213' title='bbox 1471 2321 1563 2363; x_wconf 85' lang='lat'><strong>737</strong></span> <span class='ocrx_word' id='word_1_214' title='bbox 1594 2319 1691 2363; x_wconf 83' lang='lat' dir='ltr'><strong>coll·</strong></span> <span class='ocrx_word' id='word_1_215' title='bbox 1734 2319 1777 2363; x_wconf 89' lang='lat' dir='ltr'><strong><em>V</em></strong></span> 
     </span>
    </p>
   </div>
   <div class='ocr_carea' id='block_1_8' title="bbox 20 2393 1771 2641">
    <p class='ocr_par' dir='ltr' id='par_1_21' title="bbox 20 2393 1771 2465">
     <span class='ocr_line' id='line_1_32' title="bbox 20 2393 1771 2465; baseline 0.006 -24"><span class='ocrx_word' id='word_1_216' title='bbox 20 2393 32 2462; x_wconf 45' lang='lat' dir='ltr'><strong>J*</strong></span> <span class='ocrx_word' id='word_1_217' title='bbox 86 2398 175 2442; x_wconf 76' lang='lat'><strong>704</strong></span> <span class='ocrx_word' id='word_1_218' title='bbox 195 2409 258 2454; x_wconf 75' lang='lat' dir='ltr'><strong>sq.</strong></span> <span class='ocrx_word' id='word_1_219' title='bbox 300 2396 439 2464; x_wconf 60' lang='grc' dir='ltr'><strong>ΠΗ</strong></span> <span class='ocrx_word' id='word_1_220' title='bbox 458 2401 560 2465; x_wconf 65' lang='lat'><strong>435,</strong></span> <span class='ocrx_word' id='word_1_221' title='bbox 591 2401 668 2445; x_wconf 67' lang='lat' dir='ltr'><strong>sed</strong></span> <span class='ocrx_word' id='word_1_222' title='bbox 691 2401 748 2455; x_wconf 71' lang='lat' dir='ltr'><strong>cf.</strong></span> <span class='ocrx_word' id='word_1_223' title='bbox 774 2401 953 2447; x_wconf 70' lang='lat' dir='ltr'><strong>Lucan.</strong></span> <span class='ocrx_word' id='word_1_224' title='bbox 981 2403 1050 2446; x_wconf 87' lang='lat' dir='ltr'><strong>II</strong></span> <span class='ocrx_word' id='word_1_225' title='bbox 1066 2407 1156 2449; x_wconf 79' lang='lat'><strong>459</strong></span> <span class='ocrx_word' id='word_1_226' title='bbox 1178 2404 1260 2450; x_wconf 67' lang='lat' dir='ltr'><strong>siz.</strong></span> <span class='ocrx_word' id='word_1_227' title='bbox 1289 2405 1342 2449; x_wconf 87' lang='lat' dir='ltr'><strong><em>X</em></strong></span> <span class='ocrx_word' id='word_1_228' title='bbox 1363 2409 1456 2451; x_wconf 81' lang='lat'><strong>322</strong></span> <span class='ocrx_word' id='word_1_229' title='bbox 1481 2408 1496 2464; x_wconf 79' lang='grc' dir='ltr'><strong>ιι</strong></span> <span class='ocrx_word' id='word_1_230' title='bbox 1522 2411 1607 2452; x_wconf 83' lang='lat'><strong>196</strong></span> <span class='ocrx_word' id='word_1_231' title='bbox 1635 2393 1681 2464; x_wconf 58' lang='grc' dir='ltr'><strong><em>ᾧ</em></strong></span> <span class='ocrx_word' id='word_1_232' title='bbox 1696 2421 1771 2452; x_wconf 74' lang='lat' dir='ltr'><strong>ors</strong></span> 
     </span>
    </p>

    <p class='ocr_par' dir='ltr' id='par_1_22' title="bbox 32 2456 1771 2641">
     <span class='ocr_line' id='line_1_33' title="bbox 82 2456 1771 2522; baseline 0.006 -23"><span class='ocrx_word' id='word_1_233' title='bbox 82 2459 118 2499; x_wconf 74' lang='lat' dir='ltr'>P</span> <span class='ocrx_word' id='word_1_234' title='bbox 151 2456 168 2512; x_wconf 73' lang='grc' dir='ltr'><strong>ΙΙ</strong></span> <span class='ocrx_word' id='word_1_235' title='bbox 207 2460 291 2500; x_wconf 78' lang='grc'><strong>197</strong></span> <span class='ocrx_word' id='word_1_236' title='bbox 339 2470 535 2514; x_wconf 77' lang='lat' dir='ltr'><strong>imperio</strong></span> <span class='ocrx_word' id='word_1_237' title='bbox 581 2463 750 2502; x_wconf 80' lang='lat' dir='ltr'><strong>PRHL</strong></span> <span class='ocrx_word' id='word_1_238' title='bbox 796 2463 895 2506; x_wconf 82' lang='lat' dir='ltr'><strong>edd.</strong></span> <span class='ocrx_word' id='word_1_239' title='bbox 943 2467 1043 2507; x_wconf 79' lang='lat' dir='ltr'><strong>vett.</strong></span> <span class='ocrx_word' id='word_1_240' title='bbox 1092 2462 1301 2521; x_wconf 85' lang='lat' dir='ltr'><strong>imperiis</strong></span> <span class='ocrx_word' id='word_1_241' title='bbox 1346 2468 1434 2508; x_wconf 70' lang='grc' dir='ltr'><strong>ΒΜ</strong></span> <span class='ocrx_word' id='word_1_242' title='bbox 1472 2468 1488 2522; x_wconf 84' lang='grc' dir='ltr'><strong>ΙΙ</strong></span> <span class='ocrx_word' id='word_1_243' title='bbox 1530 2471 1612 2511; x_wconf 87' lang='grc'><strong>199</strong></span> <span class='ocrx_word' id='word_1_244' title='bbox 1660 2466 1771 2510; x_wconf 87' lang='lat' dir='ltr'><strong>huic</strong></span> 
     </span>
     <span class='ocr_line' id='line_1_34' title="bbox 86 2513 1770 2582; baseline 0.008 -25"><span class='ocrx_word' id='word_1_245' title='bbox 86 2513 244 2559; x_wconf 82' lang='lat' dir='ltr'><strong>omnia</strong></span> <span class='ocrx_word' id='word_1_246' title='bbox 291 2516 606 2562; x_wconf 67' lang='lat' dir='ltr'><strong>Mar-lelandus</strong></span> <span class='ocrx_word' id='word_1_247' title='bbox 639 2519 646 2576; x_wconf 88' lang='grc' dir='ltr'>Ι</span> <span class='ocrx_word' id='word_1_248' title='bbox 679 2518 804 2564; x_wconf 85' lang='lat' dir='ltr'><strong>iusta</strong></span> <span class='ocrx_word' id='word_1_249' title='bbox 849 2525 932 2563; x_wconf 80' lang='grc' dir='ltr'><strong>ΤΗ</strong></span> <span class='ocrx_word' id='word_1_250' title='bbox 970 2523 1079 2567; x_wconf 75' lang='grc' dir='ltr'><strong><em>ΒεῙι.</em></strong></span> <span class='ocrx_word' id='word_1_251' title='bbox 1121 2522 1259 2567; x_wconf 88' lang='lat' dir='ltr'><strong>iustis</strong></span> <span class='ocrx_word' id='word_1_252' title='bbox 1301 2524 1592 2582; x_wconf 73' lang='lat' dir='ltr'><strong>Peyraredus</strong></span> <span class='ocrx_word' id='word_1_253' title='bbox 1629 2527 1644 2582; x_wconf 88' lang='grc' dir='ltr'><strong>ΙΙ</strong></span> <span class='ocrx_word' id='word_1_254' title='bbox 1682 2531 1770 2571; x_wconf 94' lang='grc'><strong>200</strong></span> 
     </span>
     <span class='ocr_line' id='line_1_35' title="bbox 32 2570 1770 2641; baseline 0.008 -26"><span class='ocrx_word' id='word_1_255' title='bbox 32 2624 33 2640; x_wconf 23' lang='lat'>3</span> <span class='ocrx_word' id='word_1_256' title='bbox 90 2570 236 2617; x_wconf 81' lang='lat' dir='ltr'><strong>effusa</strong></span> <span class='ocrx_word' id='word_1_257' title='bbox 259 2575 386 2620; x_wconf 83' lang='lat' dir='ltr'>codd.</span> <span class='ocrx_word' id='word_1_258' title='bbox 412 2576 461 2619; x_wconf 86' lang='lat' dir='ltr'><strong>et</strong></span> <span class='ocrx_word' id='word_1_259' title='bbox 484 2575 589 2620; x_wconf 87' lang='lat' dir='ltr'><strong>fusa</strong></span> <span class='ocrx_word' id='word_1_260' title='bbox 612 2592 724 2623; x_wconf 78' lang='lat' dir='ltr'><strong>corr.</strong></span> <span class='ocrx_word' id='word_1_261' title='bbox 752 2580 1066 2626; x_wconf 57' lang='lat' dir='ltr'><strong>Mai-lelandus</strong></span> <span class='ocrx_word' id='word_1_262' title='bbox 1089 2587 1131 2627; x_wconf 84' lang='lat' dir='ltr'><strong>et</strong></span> <span class='ocrx_word' id='word_1_263' title='bbox 1153 2582 1481 2628; x_wconf 61' lang='lat' dir='ltr'><strong>Lachmann-s*</strong></span> <span class='ocrx_word' id='word_1_264' title='bbox 1508 2587 1513 2641; x_wconf 86' lang='grc' dir='ltr'>Ι</span> <span class='ocrx_word' id='word_1_265' title='bbox 1541 2589 1627 2629; x_wconf 87' lang='grc'><strong>202</strong></span> <span class='ocrx_word' id='word_1_266' title='bbox 1651 2587 1770 2628; x_wconf 84' lang='lat' dir='ltr'><strong>nutu</strong></span> 
     </span>
    </p>
   </div>
   <div class='ocr_carea' id='block_1_9' title="bbox 31 2646 1771 2919">
    <p class='ocr_par' dir='ltr' id='par_1_23' title="bbox 31 2646 1771 2919">
     <span class='ocr_line' id='line_1_36' title="bbox 31 2646 1771 2744; baseline 0.006 -23"><span class='ocrx_word' id='word_1_267' title='bbox 31 2671 34 2742; x_wconf 56' lang='grc' dir='ltr'>ζ</span> <span class='ocrx_word' id='word_1_268' title='bbox 84 2674 326 2734; x_wconf 72' lang='lat' dir='ltr'><strong>Heinsius,</strong></span> <span class='ocrx_word' id='word_1_269' title='bbox 367 2680 446 2724; x_wconf 80' lang='lat' dir='ltr'><strong>sed</strong></span> <span class='ocrx_word' id='word_1_270' title='bbox 483 2681 541 2735; x_wconf 83' lang='lat' dir='ltr'><strong>cf.</strong></span> <span class='ocrx_word' id='word_1_271' title='bbox 590 2680 731 2726; x_wconf 90' lang='lat' dir='ltr'><strong><em>VIII</em></strong></span> <span class='ocrx_word' id='word_1_272' title='bbox 766 2686 828 2728; x_wconf 78' lang='lat'><strong>82</strong></span> <span class='ocrx_word' id='word_1_273' title='bbox 858 2685 873 2740; x_wconf 79' lang='lat' dir='ltr'>ss</span> <span class='ocrx_word' id='word_1_274' title='bbox 904 2689 991 2730; x_wconf 81' lang='lat'><strong>205</strong></span> <span class='ocrx_word' id='word_1_275' title='bbox 1030 2685 1161 2730; x_wconf 89' lang='lat' dir='ltr'><strong>iuuet</strong></span> <span class='ocrx_word' id='word_1_276' title='bbox 1192 2699 1298 2730; x_wconf 90' lang='lat' dir='ltr'><strong>ecce</strong></span> <span class='ocrx_word' id='word_1_277' title='bbox 1329 2692 1362 2729; x_wconf 84' lang='lat' dir='ltr'>P</span> <span class='ocrx_word' id='word_1_278' title='bbox 1392 2689 1407 2744; x_wconf 72' lang='lat' dir='ltr'>u</span> <span class='ocrx_word' id='word_1_279' title='bbox 1439 2692 1524 2732; x_wconf 87' lang='grc'><strong>209</strong></span> <span class='ocrx_word' id='word_1_280' title='bbox 1563 2646 1771 2732; x_wconf 69' lang='lat' dir='ltr'><strong>tfremunt</strong></span> 
     </span>
     <span class='ocr_line' id='line_1_37' title="bbox 31 2735 1770 2804; baseline 0.009 -27"><span class='ocrx_word' id='word_1_281' title='bbox 31 2747 35 2765; x_wconf 71' lang='lat'><strong>¹</strong></span> <span class='ocrx_word' id='word_1_282' title='bbox 82 2737 116 2777; x_wconf 80' lang='lat'><strong>1’</strong></span> <span class='ocrx_word' id='word_1_283' title='bbox 145 2735 160 2792; x_wconf 89' lang='grc' dir='ltr'><strong>ΙΙ</strong></span> <span class='ocrx_word' id='word_1_284' title='bbox 190 2740 277 2781; x_wconf 87' lang='grc'><strong>210</strong></span> <span class='ocrx_word' id='word_1_285' title='bbox 317 2739 364 2781; x_wconf 93' lang='lat' dir='ltr'><strong>et</strong></span> <span class='ocrx_word' id='word_1_286' title='bbox 403 2740 593 2783; x_wconf 89' lang='lat' dir='ltr'><strong>aeterno</strong></span> <span class='ocrx_word' id='word_1_287' title='bbox 624 2742 693 2786; x_wconf 79' lang='lat' dir='ltr'><strong>vel</strong></span> <span class='ocrx_word' id='word_1_288' title='bbox 723 2741 931 2787; x_wconf 88' lang='lat' dir='ltr'><strong>aetherio</strong></span> <span class='ocrx_word' id='word_1_289' title='bbox 963 2743 1199 2801; x_wconf 85' lang='lat' dir='ltr'><strong>fulgentes</strong></span> <span class='ocrx_word' id='word_1_290' title='bbox 1231 2745 1592 2791; x_wconf 78' lang='lat' dir='ltr'><strong>Friesemannus</strong></span> <span class='ocrx_word' id='word_1_291' title='bbox 1628 2749 1644 2804; x_wconf 77' lang='grc' dir='ltr'><strong>ΙΙ</strong></span> <span class='ocrx_word' id='word_1_292' title='bbox 1683 2753 1770 2792; x_wconf 87' lang='grc'><strong>213</strong></span> 
     </span>
     <span class='ocr_line' id='line_1_38' title="bbox 32 2796 1770 2860; baseline 0.008 -23"><span class='ocrx_word' id='word_1_293' title='bbox 32 2800 34 2823; x_wconf 64' lang='grc'><strong>’</strong></span> <span class='ocrx_word' id='word_1_294' title='bbox 86 2796 303 2840; x_wconf 76' lang='lat' dir='ltr'><strong>secuntur</strong></span> <span class='ocrx_word' id='word_1_295' title='bbox 331 2800 439 2840; x_wconf 82' lang='lat' dir='ltr'><strong>PBo</strong></span> <span class='ocrx_word' id='word_1_296' title='bbox 475 2802 480 2853; x_wconf 85' lang='grc' dir='ltr'>Ι</span> <span class='ocrx_word' id='word_1_297' title='bbox 515 2798 644 2844; x_wconf 85' lang='lat' dir='ltr'><strong>fact-a</strong></span> <span class='ocrx_word' id='word_1_298' title='bbox 682 2803 936 2857; x_wconf 85' lang='lat' dir='ltr'><strong>sequuntur</strong></span> <span class='ocrx_word' id='word_1_299' title='bbox 969 2803 1275 2849; x_wconf 77' lang='lat' dir='ltr'><strong>Burmannus</strong></span> <span class='ocrx_word' id='word_1_300' title='bbox 1297 2806 1312 2860; x_wconf 79' lang='lat' dir='ltr'>u</span> <span class='ocrx_word' id='word_1_301' title='bbox 1335 2811 1423 2849; x_wconf 83' lang='grc'><strong>214</strong></span> <span class='ocrx_word' id='word_1_302' title='bbox 1454 2806 1770 2851; x_wconf 85' lang='lat' dir='ltr'><strong>exsaturabile</strong></span> 
     </span>
     <span class='ocr_line' id='line_1_39' title="bbox 31 2852 1519 2919; baseline 0.011 -26"><span class='ocrx_word' id='word_1_303' title='bbox 31 2857 34 2893; x_wconf 73' lang='lat' dir='ltr'>i</span> <span class='ocrx_word' id='word_1_304' title='bbox 84 2854 155 2906; x_wconf 73' lang='lat'><strong>1⁸1»</strong></span> <span class='ocrx_word' id='word_1_305' title='bbox 195 2852 316 2901; x_wconf 81' lang='lat' dir='ltr'><strong>Gozb.</strong></span> <span class='ocrx_word' id='word_1_306' title='bbox 348 2871 391 2899; x_wconf 88' lang='lat' dir='ltr'><strong>m</strong></span> <span class='ocrx_word' id='word_1_307' title='bbox 422 2857 698 2903; x_wconf 81' lang='lat' dir='ltr'><strong>exsatiabile</strong></span> <span class='ocrx_word' id='word_1_308' title='bbox 730 2862 911 2919; x_wconf 75' lang='lat' dir='ltr'><strong>Anylic.</strong></span> <span class='ocrx_word' id='word_1_309' title='bbox 948 2863 1270 2919; x_wconf 86' lang='lat' dir='ltr'><strong>exsuperabile</strong></span> <span class='ocrx_word' id='word_1_310' title='bbox 1301 2868 1390 2907; x_wconf 69' lang='lat' dir='ltr'><strong>Bu</strong></span> <span class='ocrx_word' id='word_1_311' title='bbox 1420 2866 1519 2910; x_wconf 83' lang='lat' dir='ltr'><strong>edd.</strong></span> 
     </span>
    </p>
   </div>
  </div>
 </body>
</html>
