1988 3106
649 161 959 210 SILUARUM
990 162 1040 210 1..
1072 163 1130 221 11,
1162 167 1203 210 6.
1736 165 1807 220 57

28 302 43 318 -·‘
71 325 87 353 ·-.
131 286 244 339 ta'm
274 282 408 338 dura
435 283 665 353 placent,
701 282 975 337 hominem
1006 282 1295 353 exprobret
1334 282 1407 355 (ei
1443 285 1599 339 mihi!
1640 286 1810 341 subdo

20 363 45 412 ”.
68 374 166 412 use
201 354 385 428 faces),
422 356 710 426 hominem,
746 354 899 426 Urse,
935 359 1104 426 tuum,
1143 357 1228 410 cui
1264 357 1416 411 dulce
1453 359 1658 413 uolenti
1754 373 1808 413 15

28 445 30 450 ’
180 429 346 500 'tium,
383 430 469 484 cui
505 429 662 484 triste
699 429 852 498 nihil,
890 430 981 498 qui
1019 433 1211 499 sponte
1250 431 1459 501 sibique

27 503 368 577 {speriosus
406 505 535 557 erat.
611 502 859 572 quisnam
898 502 1032 556 haec
1069 503 1127 556 in
1165 503 1356 558 funera
1393 505 1587 559 missos

13 587 101 638 3
118 576 282 647 stiget
317 576 533 631 luctus?
570 575 739 646 gemit
775 576 918 629 inter
955 576 1097 630 bella
1133 580 1470 647 peremptum

184 668 271 704 ιιιε
310 666 520 721 equum,
556 648 796 719 fidosque
834 666 993 702 canes
1024 649 1216 703 fleuere
1253 650 1503 720 Molossi,

80 748 82 751 ’
151 723 396 778 uolucres
434 723 670 777 habuere
708 739 901 793 rogum
940 740 1234 793 ceruusque
1272 723 1566 778 Maronem.
1750 738 1808 780 20

38 838 39 844 ,
88 822 113 842 ι·
132 796 196 866 'd,
234 796 280 850 si
316 813 415 851 nec
452 795 724 850 famulus?
763 796 875 849 uidi
912 796 1029 865 ipse
1068 797 1381 868 animosque
1420 799 1608 852 notaui

18 875 43 922 ’μ’
153 872 365 924 tantum
404 869 668 940 cupientis
707 886 880 938 erum3
920 869 1012 922 sed
1052 871 1225 924 maior
1262 871 1319 925 in
1360 888 1451 925 ore

31 971 37 978 ,.
82 943 272 1005 iritus
313 945 368 997 et
402 945 590 997 tenero
628 942 902 996 manifesti
940 943 1000 996 in
1038 944 1299 1014 sanguine
1337 962 1527 998 mores.

70 1052 72 1058 .
80 1019 304 1082 tarent
338 1016 570 1071 multum
608 1014 801 1070 Graiae
839 1020 1196 1086 cuperentque
1234 1016 1459 1071 Latinae

43 1090 842 1218 “1152102211213215301235023322
863 1089 1272 1217 ffleessacsiffiffl
1308 1090 1598 1161 ⁵¹¹P⁹¹b¹²¹¹¹
1749 1106 1804 1145 ‘²⁵

81 1202 99 1214 ..
1202 1206 1216 1233 ,

37 1286 71 1295 ,,
104 1255 151 1291 ·c
188 1236 344 1291 Paris
383 1235 632 1291 Oebalios
670 1237 797 1290 talis
837 1237 1048 1290 uisurus
1087 1255 1296 1291 amores

33 1307 37 1354 ἕ
81 1311 292 1364 usticus
330 1310 530 1364 inuitas
569 1309 761 1363 deiecit
798 1309 854 1362 in
895 1327 1126 1380 aequora
1165 1311 1339 1379 pinus.

36 1399 38 1402 ’
66 1391 163 1438 fon
199 1383 329 1437 fallo
370 1386 464 1437 aut
501 1385 691 1437 cantus
730 1386 947 1441 assueta
984 1383 1203 1437 licentia
1240 1384 1412 1438 ducit:

45 1456 165 1511 ‚vidi
203 1459 258 1511 et
293 1455 466 1510 adhuc
502 1456 674 1526 uideo,
713 1457 926 1527 qualem
964 1474 1062 1510 nec
1092 1457 1235 1510 bella
1272 1461 1552 1511 canentem
1748 1473 1804 1513 30

39 1523 218 1594 Litore
256 1529 500 1600 uirgineo
540 1529 727 1583 Thetis
766 1530 1056 1583 occultauit
1092 1529 1374 1598 Achillem,

39 1600 152 1657 Nec
189 1603 388 1657 circum
426 1602 575 1656 saeui
610 1602 910 1673 fugientem
948 1603 1160 1656 moenia
1197 1603 1401 1658 Phoebi

39 1672 259 1730 Troilon
294 1674 626 1730 Haemoniae
664 1676 944 1745 deprendit
979 1677 1164 1730 lancea
1202 1677 1434 1732 dextrae.

37 1745 222 1814 Qualis
261 1766 378 1802 eras
409 1749 599 1819 procul
639 1751 729 1802 en!
771 1750 978 1803 cunctis
1015 1751 1298 1820 puerisque
1337 1752 1571 1821 uirisque

39 1815 317 1877 Pulchrior
355 1825 410 1876 et
444 1825 659 1876 tantum
698 1823 916 1876 domino
955 1823 1154 1876 minor!
1193 1825 1337 1877 illius
1375 1842 1512 1878 unus
1747 1839 1804 1879 35

36 1893 182 1949 lAnte
214 1896 388 1965 decor,
426 1898 686 1965 quantum
724 1896 996 1965 praecedit
1034 1897 1178 1950 clara
1215 1898 1449 1952 minores

41 1965 191 2022 huna
226 1969 373 2023 faces
411 1972 779 2039 quantumque
817 1970 953 2024 alios
990 1971 1186 2039 premit
1221 1970 1492 2040 Hesperos
1530 1973 1699 2041 ignes.

42 2038 161 2095 Non
198 2042 302 2095 tibi
338 2041 632 2095 femineum
671 2044 827 2095 uultu
865 2043 1024 2096 decus
1064 2061 1262 2113 oraque
1301 2062 1464 2113 supra

43 2112 218 2168 Mollis
253 2114 426 2168 honos
466 2113 653 2186 (quali,
690 2115 884 2168 dubiae
922 2133 1056 2185 quos
1095 2117 1319 2169 crimina
1355 2119 1560 2170 formae

44 2185 117 2241 De
156 2205 286 2242 sexu
323 2189 553 2242 transire
591 2188 815 2258 iubent),
853 2206 1128 2257 paruoque
1166 2190 1339 2243 uirilis
1747 2205 1804 2245 40

67 2318 70 2322 ,
117 2262 249 2330 atia3
286 2279 387 2315 nec
424 2262 675 2331 petulans
714 2263 855 2315 acies
895 2262 1184 2332 blandique
1225 2281 1412 2318 seuero

70 2346 82 2375 ἴς
959 2349 965 2353 “
1107 2362 1113 2366 ⁷.

56 2475 90 2674 ’z
154 2570 211 2611 14
240 2565 489 2622 exprobret
516 2567 703 2622 scripsi:
733 2567 882 2624 gemis
905 2571 943 2611 Δ
981 2572 1010 2610 c
1041 2582 1075 2614 e.
1107 2582 1152 2613 u.
1187 2574 1244 2614 10
1285 2571 1291 2623 Ι
1333 2569 1481 2614 heia:
1513 2571 1605 2616 heu
1626 2576 1656 2613 c
1691 2573 1708 2628 ΙΙ
1749 2576 1802 2617 16

52 2643 54 2661 ι
111 2622 121 2633 “
174 2626 222 2669 et
253 2625 427 2669 Μαι-101.
436 2640 454 2679 ,·
490 2625 650 2669 melius
687 2625 910 2671 Heinsius
947 2625 1036 2671 sibi
1065 2626 1163 2683 ipse
1186 2629 1202 2683 ΙΙ
1225 2633 1283 2672 20
1310 2641 1447 2685 rogos
1474 2633 1503 2673 ς
1530 2630 1538 2684 Ι
1565 2629 1803 2675 Maronem

70 2734 74 2739 ⁴
153 2683 399 2740 lkampius:
445 2697 635 2727 marone
681 2689 711 2726 0
755 2684 958 2729 maronis
1003 2699 1032 2728 a
1068 2687 1084 2742 u
1122 2690 1175 2730 21
1211 2686 1481 2742 animosque
1511 2689 1577 2734 ed.
1621 2689 1803 2734 Parin..-

79 2795 82 2797 ,
127 2739 314 2798 itusque
337 2746 366 2784 c
383 2756 411 2784 a
432 2742 448 2798 ΙΙ
470 2747 526 2786 22
552 2741 777 2798 capientis
802 2744 1024 2788 Heinsius
1045 2746 1061 2799 [Ι
1084 2749 1140 2789 28
1167 2745 1361 2789 Troasin
1383 2745 1557 2791 inuisas
1583 2747 1756 2792 Markl.
1788 2750 1803 2806 i}

8 2831 11 2852 ÷
95 2828 97 2835 ι
122 2799 250 2856 quali
276 2801 466 2856 scripsi.-
497 2801 648 2857 qualis
680 2805 709 2843 c
739 2817 767 2844 a
797 2803 959 2858 quales
989 2804 1086 2847 edd.
1137 2804 1144 2858 Ι
1189 2817 1301 2859 quos
1339 2806 1525 2860 scripsi.-
1561 2809 1669 2862 post
1709 2811 1737 2848 c
1775 2822 1803 2849 a

134 2857 304 2903 rimina
335 2859 508 2903 Markl.
534 2861 629 2915 1140
659 2872 896 2916 paruoque
927 2861 1048 2906 edd:
1078 2862 1307 2918 toruoque
1337 2866 1375 2904 A
1404 2866 1631 2920 toruaque
1663 2869 1692 2906 c
