1976 3126
634 164 976 212 THEBAIDos
1007 164 1120 213 LIB.
1152 165 1252 212 XII.
1692 166 1801 221 337

115 285 372 357 Ornytel'
451 286 538 341 Sic
577 287 758 342 dicens
799 305 998 359 magno
1038 286 1312 359 Megareia
1350 306 1607 358 praeceps

35 360 39 367 ’
114 361 263 415 Arva
301 361 447 431 rapit
483 380 669 431 passu,
710 362 1048 416 demonstrat
1086 363 1334 433 proxima
1372 363 1598 433 quisque
1717 375 1804 415 220

112 434 317 489 Obvius
355 436 726 507 horrescitque
764 436 984 490 habitus
1023 437 1382 506 miseramque
1420 440 1651 489 veretur.

112 508 280 563 Vadit
317 512 472 564 atrox
510 511 653 579 visu,
690 511 769 564 nil
809 510 966 564 corde
1005 529 1103 564 nec
1144 528 1235 564 ore
1274 528 1592 580 pavescenS,

37 586 42 595 “
114 583 188 638 Et
224 583 408 640 nimiis
447 585 659 639 confixa
696 585 853 638 malis
893 585 1221 655 propiorque
1259 586 1462 639 timeri:

115 656 291 712 Nocte
329 658 479 713 velut
517 658 754 730 Phrygia
793 676 913 712 cum
944 659 1246 712 lamentata
1284 660 1552 713 resultant

115 731 412 802 Dindyma,
450 733 682 804 pinigeri
721 733 933 802 rapitur
973 731 1261 787 Simoentis
1303 733 1370 786 ad
1410 750 1626 786 amnem
1719 746 1806 786 225

115 806 240 860 Dux
279 824 480 860 vesana
519 807 692 877 chori,
731 808 879 861 cuius
922 806 1019 860 dea
1059 808 1321 878 sanguine
1360 808 1500 861 lecto

119 879 246 950 Ipsa
285 881 432 935 dedit
468 881 671 935 ferrum
711 884 767 935 et
803 881 1003 935 vittata
1040 881 1232 935 fronde
1270 882 1495 936 notavit.

193 954 312 1008 Iam
349 958 507 1025 pater
544 954 808 1026 Hesperio
848 955 1173 1025 fiagrantem
1213 957 1427 1027 gurgite
1467 974 1680 1010 currum

120 1027 424 1082 Abdiderat
463 1029 652 1099 Titan,
692 1030 815 1083 aliis
853 1030 1121 1083 rediturus
1163 1031 1232 1084 ab
1272 1030 1452 1098 undiS,

118 1100 254 1157 Cum
293 1106 478 1157 tamen
515 1104 614 1157 illa
652 1122 873 1175 gravem
914 1104 1062 1158 luctu
1102 1104 1328 1158 fallente
1367 1105 1611 1157 laborem
1723 1116 1810 1156 230

25 1173 45 1248 ἦ
117 1175 310 1231 Nescit
347 1178 525 1232 abisse
565 1178 730 1232 diem:
770 1196 868 1231 nec
909 1178 1276 1248 caligantibus
1318 1179 1461 1232 arvis

34 1258 46 1271 '⁷
120 1250 396 1321 Terretur,
435 1270 534 1306 nec
573 1252 781 1323 frangit
818 1253 922 1306 iter
962 1271 1058 1323 per
1097 1258 1152 1306 et
1190 1253 1336 1306 invia
1377 1271 1507 1306 saxa

118 1324 499 1397 Lapsurasque
537 1327 723 1381 trabes
762 1344 1151 1396 nemorumque
1192 1345 1411 1396 arcana,
1452 1343 1641 1380 sereno

118 1399 293 1470 Nigra
332 1400 440 1470 die,
479 1401 759 1471 caecisque
798 1401 971 1454 incisa
1009 1401 1227 1454 novalia
1265 1401 1428 1455 fossis
1442 1443 1456 1470 ‚

119 1474 225 1528 Per
262 1474 454 1528 fluvios
495 1492 681 1529 secura
718 1475 844 1528 vadi
885 1494 1210 1544 somnosque
1249 1476 1485 1528 ferarum
1724 1487 1812 1527 235

119 1548 342 1602 Praeter
382 1553 436 1602 et
473 1549 758 1603 horrendis
797 1550 997 1603 infesta
1035 1550 1237 1602 cubilia
1277 1549 1552 1603 monstris,

121 1622 359 1676 Tantum
398 1622 565 1677 animi
602 1624 884 1693 luctusque
924 1624 1129 1676 valent!
1169 1624 1333 1692 pudet
1371 1625 1446 1676 ire
1485 1623 1773 1676 Menoeten

124 1695 379 1767 TardiuS,
420 1697 796 1768 invalidaeque
838 1698 1066 1768 gradum
1106 1699 1333 1751 miratur
1373 1699 1636 1751 alumnae.

122 1770 268 1833 Quas
299 1789 409 1824 non
439 1772 538 1825 illa
562 1772 751 1826 domos
777 1772 1148 1842 pecudumque
1172 1772 1559 1842 hominumque
1583 1771 1816 1824 molest-o

123 1845 370 1898 Pulsavit
409 1846 652 1915 gemitu?
694 1847 944 1916 quotiens
986 1847 1219 1899 amissus
1261 1847 1413 1899 eunti
1726 1859 1814 1898 ‘240

124 1918 329 1988 LimeS,
369 1922 423 1971 et
462 1923 733 1973 errantem
773 1921 990 1974 comitis
1031 1921 1236 1974 solacia
1274 1922 1527 1973 flammae

123 1991 444 2046 Destituunt
483 1994 797 2064 gelidaeque
836 1995 1010 2047 facem
1048 1994 1224 2047 vicere
1262 1995 1558 2047 tenebrae?

124 2066 350 2137 Iamque
391 2069 714 2137 supinantur
751 2067 910 2121 fessis
949 2068 1166 2138 lateque
1205 2068 1470 2122 fatiscunt

123 2140 354 2195 Penthei
392 2142 594 2195 devexa
632 2141 770 2212 iugi,
812 2160 933 2195 cum
974 2147 1191 2210 pectore
1233 2142 1429 2195 anhelo

123 2214 240 2268 Iam
280 2234 449 2285 prope
489 2216 742 2270 deficiens
784 2217 861 2269 sic
900 2216 1094 2285 incipit
1133 2235 1224 2270 ore
1263 2216 1565 2269 Menoetes:
1728 2228 1816 2268 245

245 2366 332 2407 219
363 2362 599 2407 mecareia
630 2368 662 2405 P
693 2363 707 2420 ΙΙ
739 2367 826 2407 220
858 2362 1054 2419 quisque
1086 2368 1119 2405 P
1150 2361 1362 2418 quisquis
1395 2362 1529 2407 ceteri
1551 2363 1565 2419 ΙΙ
1590 2366 1675 2405 222
1710 2374 1820 2404 aure

127 2421 254 2466 codd.
308 2422 407 2466 edd.
471 2435 549 2466 ore
605 2436 719 2467 corr.
766 2423 1096 2467 Lachmaomus
1133 2424 1149 2478 ΙΙ
1189 2426 1274 2465 223
1323 2422 1506 2466 confixa
1550 2426 1583 2463 P
1645 2421 1822 2464 confisa

128 2481 261 2529 ceteri
295 2481 309 2536 ΙΙ
344 2485 430 2525 226
464 2480 539 2525 cui
569 2480 641 2525 ius
675 2481 765 2525 dea
794 2482 1021 2526 Barthius
1055 2483 1070 2538 ΙΙ
1105 2486 1190 2525 227
1224 2480 1336 2525 ferri
1366 2482 1595 2525 Barthius
1621 2480 1628 2537 Ι
1655 2479 1821 2523 fronde

128 2539 307 2583 PBG2s
338 2538 492 2584 fronte
523 2545 569 2583 M
591 2542 607 2597 ΙΙ
631 2546 714 2585 229
747 2540 1014 2584 redditurus
1045 2546 1077 2583 P
1101 2544 1116 2597 ss
1140 2546 1227 2585 234
1258 2540 1450 2585 novalia
1482 2538 1607 2583 saxis
1638 2544 1671 2581 P
1694 2541 1710 2594 ΙΙ
1734 2544 1821 2582 235

129 2612 284 2644 versus
314 2600 367 2642 in
397 2603 430 2642 B
462 2601 514 2643 in
544 2613 714 2645 summo
745 2602 951 2658 maryine
981 2603 1146 2645 iterum
1179 2602 1344 2657 legitur
1379 2603 1385 2656 Ι
1422 2613 1585 2643 secura
1622 2597 1759 2642 vadit
1787 2601 1821 2640 Β

129 2657 226 2702 ruit
257 2662 384 2701 (3111
414 2659 525 2703 Beh.
558 2661 686 2702 meat
718 2674 740 2702 c
768 2664 774 2716 Ι
803 2673 1059 2716 somnoque
1091 2664 1123 2702 P
1146 2661 1162 2716 ΙΙ
1186 2665 1272 2704 236
1304 2657 1537 2703 Praeterit
1566 2658 1816 2710 136201112}

130 2715 304 2761 infesta
334 2722 366 2760 P
397 2717 571 2761 infessa
603 2718 768 2773 G²cpT
798 2717 980 2763 insessa
1010 2723 1098 2762 ΒΜ
1128 2717 1314 2762 infensa
1337 2720 1467 2762 Leid.
1501 2729 1719 2774 possessa
1743 2721 1779 2758 G
1807 2713 1822 2773 {l

131 2779 217 2820 239
263 2776 588 2832 pecudumque
634 2782 667 2820 P
712 2791 1027 2835 pecorumque
1076 2780 1209 2822 ceteri
1242 2780 1248 2833 Ι
1282 2777 1497 2821 modesto
1546 2777 1673 2820 codd.
1722 2777 1821 2820 edd.

129 2835 329 2879 molesto
369 2849 483 2881 corr.
523 2837 748 2882 Heinsius
785 2839 800 2893 ΙΙ
837 2843 922 2882 243
966 2836 1242 2881 subinantur
1279 2842 1312 2880 P
1350 2840 1365 2894 fl
1405 2841 1490 2880 245
1530 2835 1698 2892 incipit
1743 2840 1826 2878 PR.

134 2893 254 2939 colb.
287 2894 480 2939 incohat
511 2896 666 2939 BG²M
692 2901 697 2951 Ι
726 2910 832 2940 orsa
860 2899 987 2942 codd.
1022 2899 1120 2942 edd.
1155 2910 1233 2940 ore
1266 2910 1378 2942 corr.
1412 2896 1639 2940 Barthius

227 2975 367 3010 errn
392 2979 584 3012 Tannus.
1410 2975 1467 3014 22
