2020 3106
661 129 1068 178 ACHILLEIDOS
1110 127 1159 174 L.
1193 127 1225 173 I.
1712 124 1780 177 41

20 265 68 300 Π
84 256 476 329 Argolicaeque
504 256 658 308 ‘rates
699 255 861 323 atque
901 252 1045 321 ipsas
1086 250 1293 320 cogitat
1332 247 1502 303 undas

12 341 63 375 Μ
86 331 460 400 Auroramque
498 330 675 382 timet:
716 345 841 381 cara
879 325 1083 380 cervice
1124 323 1308 377 mariti

85 405 226 460 Fusa
262 405 391 459 novi
427 402 681 457 lacrimas
720 401 830 455 iam
872 399 1039 454 solvit
1079 403 1133 453 et
1172 400 1402 467 occupat
1439 399 1607 449 artus.
1696 408 1784 449 930

87 479 454 550 ‘Aspiciamne
493 477 691 531 iterum
732 492 923 546 meque
963 474 1067 527 hoc
1106 474 1164 526 in
1203 475 1420 542 pectore
1459 488 1683 539 ponam,

85 552 352 609 Aeacide?
392 568 684 621 rursusque
723 552 848 603 tuos
888 548 1181 619 dignabere
1221 545 1450 616 partus?

76 627 176 683 ¹An
213 626 453 682 tumidus
494 624 837 693 Teucrosque
875 623 1018 676 lares
1059 625 1113 675 et
1152 624 1314 691 capta
1351 622 1638 689 reportans

15 710 71 745 ³⁶⁰
89 701 356 774 Pergama
394 700 670 771 virgineae
707 698 860 752 noles
902 697 1212 750 meminisse
1251 693 1527 748 latebrae?

89 775 231 841 Quid
243 793 444 846 precer,
461 774 587 827 heu!
600 773 890 827 timeamve
910 771 1097 841 prius?
1124 770 1316 841 quidve
1343 769 1503 821 anxia
1522 766 1788 836 mandem,

90 848 189 905 Cui
227 849 316 904 vix
354 849 482 903 flere
523 846 714 902 vacat?
790 845 955 899 Modo
996 849 1049 899 te
1089 863 1196 898 nox
1234 862 1342 898 una
1380 842 1632 911 deditque
1702 854 1788 895 936

88 923 396 995 Inviditque
435 921 593 976 milri!
672 921 951 974 Thalamis
990 919 1124 972 haec
1163 922 1412 987 tempora
1451 915 1691 970 nostris?

87 997 262 1053 Hicne
301 1001 386 1052 est
423 996 562 1050 liber
599 995 840 1066 hymen?
918 994 963 1064 Q
1003 993 1180 1046 dulcia
1218 991 1366 1045 furta
1405 991 1648 1061 dolique,

16 1071 134 1127 ”⁵0
175 1072 362 1127 timor!
404 1070 672 1140 abripitur
711 1070 942 1123 miserae
982 1067 1275 1138 permissus
1316 1065 1570 1118 Achilles.

87 1146 116 1202 I
153 1145 348 1219 (neque
389 1145 532 1200 enim
570 1147 752 1198 tantos
794 1143 969 1197 ausim
1007 1159 1260 1196 revocare
1299 1136 1562 1211 paratus),
1702 1152 1788 1192 940

88 1219 117 1275 Ι
153 1224 363 1290 cautuS,
401 1237 502 1273 nec
540 1237 681 1272 vana
721 1218 921 1271 Thetin
958 1216 1206 1270 timuisse
1246 1218 1541 1278 mementO,

88 1293 117 1348 I
152 1294 281 1349 felix
318 1298 606 1363 nosterque
644 1292 784 1345 redi:
824 1291 989 1345 nimis
1030 1290 1281 1359 improba
1319 1289 1509 1357 posco!

89 1367 207 1423 Iam
243 1372 297 1423 te
337 1367 634 1438 sperabunt
673 1366 911 1420 lacrimis
951 1366 1280 1435 planctuque
1320 1362 1542 1416 decorae

0 1443 72 1491 ,⁹³⁷⁰
92 1442 328 1497 Troades
368 1442 738 1512 optabuntque
777 1441 887 1494 tuis
927 1440 1055 1493 dare
1095 1438 1238 1492 colla
1277 1437 1481 1491 catenis

0 1526 6 1568 ,l
89 1515 164 1570 Et
199 1516 433 1586 patriam
470 1533 696 1586 pensare
735 1515 894 1585 toris3
936 1516 1029 1567 aut
1068 1514 1188 1583 ipsa
1227 1510 1468 1581 placebit
1693 1523 1779 1563 945

0 1612 2 1644 22
92 1588 386 1661 Tyndaris,
423 1590 628 1644 incesta
664 1589 895 1642 nimium
934 1587 1155 1641 laudata
1194 1586 1401 1655 rapina.

92 1665 196 1718 Ast
232 1668 446 1735 egomet
482 1663 687 1734 primae
726 1662 947 1733 puerilis
987 1662 1173 1715 fabula
1212 1660 1405 1729 culpae

92 1736 371 1792 Narrabor
408 1737 625 1791 famulis
635 1750 658 1807 ,²
689 1741 785 1790 aut
824 1737 1166 1790 dissimulata
1204 1734 1405 1787 latebo,

17 1822 73 1856 ³7⁵
97 1810 240 1874 Quin
279 1829 395 1882 age,
433 1811 534 1865 duc
572 1812 849 1883 comitem3
888 1829 982 1865 cur
1019 1829 1131 1864 non
1156 1827 1256 1880 ego
1281 1807 1482 1862 Martia
1503 1809 1681 1860 tecum

97 1883 266 1956 Signa
303 1885 508 1938 feram?
546 1887 609 1938 tu
646 1903 814 1954 pensa
853 1903 1015 1938 manu
1055 1884 1404 1953 Baccheaque
1445 1899 1655 1935 mecum
1701 1894 1787 1934 950

97 1957 284 2028 Sacra,
323 1958 467 2029 quod
504 1959 692 2012 infelix
730 1977 841 2011 non
881 1959 1061 2012 credet
1100 1957 1287 2027 Troia,
1325 1957 1519 2009 tulisti.

96 2032 355 2086 Attamen
393 2032 558 2101 hunc,
597 2050 757 2102 quem
795 2035 1005 2085 maesta
1044 2031 1180 2084 mihi
1220 2031 1418 2084 solatia
1456 2029 1682 2099 linquis,

98 2105 258 2160 Hunc
298 2106 493 2160 saltem
533 2106 632 2158 sub
674 2106 830 2159 corde
868 2109 992 2159 tene
1033 2108 1087 2158 et
1125 2105 1353 2158 concede
1393 2103 1638 2173 precanti

0 2162 78 2232 l28⁰
99 2179 218 2234 Hoc
257 2179 447 2250 solum,
486 2180 669 2248 pariat
705 2197 774 2233 ne
814 2179 942 2249 quid
981 2179 1086 2232 tibi
1123 2179 1358 2231 barbara
1398 2178 1645 2247 coniunx,

0 2399 2 2407 y
101 2397 111 2408 ²
178 2343 274 2407 928.
287 2340 429 2396 atque
441 2339 567 2397 ipsas
584 2339 811 2396 cogitat?
841 2340 984 2396 atque
1007 2340 1125 2385 haec
1149 2339 1245 2384 iam
1269 2339 1450 2396 cogitat
1472 2353 1499 2393 p
1530 2339 1655 2383 rates
1663 2340 1702 2397 ss
1712 2338 1794 2396 ‘sslf

0 2410 4 2450 ῑ
97 2403 146 2443 ιὲ.
174 2399 350 2455 cogitat
381 2398 439 2441 (42
484 2400 626 2455 atque
657 2398 753 2443 iam
776 2400 955 2455 cogitat
991 2403 1079 2442 Pct
1118 2401 1166 2444 et
1194 2399 1387 2443 iamiam
1421 2398 1601 2455 cogitat
1631 2402 1667 2440 G
1714 2399 1789 2442 ast

0 2460 3 2496 ¹
97 2456 214 2526 haec
242 2457 339 2503 iam
370 2457 550 2515 cogitat
579 2463 614 2501 Ι)
637 2459 654 2515 ΙΙ
677 2463 762 2503 929
794 2467 815 2503 t
845 2460 927 2503 hoc
957 2459 1052 2503 loco
1082 2459 1251 2503 desinit
1284 2459 1454 2502 verbis.-
1485 2456 1693 2514 Explicit
1717 2471 1791 2501 ex-

97 2515 272 2574 phceat
297 2518 304 2572 Ι
330 2517 638 2562 Baehrensius
667 2522 773 2562 ante
801 2532 842 2562 v.
878 2520 973 2563 929
1011 2519 1226 2562 lacunam
1257 2531 1348 2562 esse
1376 2517 1666 2561 statuendam
1698 2530 1789 2572 pu-

99 2578 168 2620 tat
187 2576 205 2633 ΙΙ
227 2580 312 2620 939
344 2575 573 2634 abripitur
601 2581 715 2630 Ap1.
755 2577 976 2634 arripitur
1005 2582 1051 2621 Π
1073 2578 1089 2634 ΙΙ
1112 2582 1197 2622 942
1229 2576 1323 2620 nisi
1352 2576 1391 2621 si
1421 2576 1637 2633 improba
1666 2576 1794 2620 Bar-

99 2633 222 2679 thius
242 2636 259 2692 ΙΙ
282 2639 367 2680 943
409 2636 664 2692 sperabunt
693 2639 731 2679 Δ
788 2636 1069 2694 spectabunt
1097 2641 1143 2679 u
1182 2637 1238 2691 cf.
1282 2636 1410 2681 Mus:
1450 2635 1595 2679 Rlaen.
1632 2634 1794 2678 XXX

97 2705 145 2750 p.
169 2697 258 2738 634
280 2707 343 2751 sq.
367 2694 384 2751 ΙΙ
414 2699 502 2739 944
534 2694 708 2740 catenis
733 2698 771 2738 A
802 2695 929 2741 Leid.
973 2695 1162 2740 lacertis
1184 2700 1231 2738 Μ
1260 2697 1277 2752 ss
1308 2700 1394 2739 947
1428 2695 1617 2752 egomet
1639 2697 1672 2736 1²
1705 2707 1791 2751 ego

23 2806 28 2811 ι
101 2752 151 2797 et
170 2756 228 2796 Po
239 2752 297 2796 (Ρ
324 2755 484 2808 (litera
521 2769 569 2798 m
606 2767 827 2810 superscr.
867 2768 956 2799 esse
985 2755 1185 2809 videtur)
1224 2768 1311 2811 ego
1344 2767 1463 2810 quae
1495 2757 1538 2796 H
1576 2767 1662 2810 ego
1695 2758 1739 2809 (ἶ.
1755 2756 1792 2795 G

103 2823 188 2868 ego
227 2825 311 2856 ceu
341 2813 564 2858 Heinsius
601 2815 617 2871 ΙΙ
655 2817 740 2858 948
786 2813 1036 2871 Narrabor,
1082 2813 1306 2858 thalamis
1353 2814 1436 2857 aut
1478 2812 1761 2857 Schrader-us
1775 2812 1791 2870 Η

103 2873 188 2915 950
217 2871 270 2916 tu
300 2871 462 2928 thyrsa
490 2886 630 2917 manu
653 2877 686 2915 1²
