1988 3106
585 675 660 743 P.
707 674 1084 743 PAPINII
1130 674 1443 743 STATH

450 803 1613 886 SILUARUM

775 945 1274 1000 LIBERII.

610 1207 863 1252 STATIUS
895 1168 1150 1253 ME'ITIORI
1182 1206 1296 1252 SUO
1329 1206 1454 1252 SAL.

290 1327 364 1380 Et
386 1327 726 1381 familiaritas
750 1322 936 1380 nostra
959 1345 1064 1396 qua
1087 1327 1315 1396 gaudeo,
1354 1326 1565 1396 Melior,
1602 1328 1686 1380 uir
1710 1329 1913 1397 optime
1956 1345 1957 1348 ’

143 1420 241 1454 nec
278 1402 455 1454 minus
495 1401 553 1453 in
589 1400 784 1454 iudicio
822 1401 1126 1453 litterarum
1164 1419 1324 1469 quam
1363 1401 1422 1452 in
1461 1402 1606 1453 omni
1648 1402 1791 1454 uitae
1831 1421 1914 1455 co-

143 1476 256 1528 lore
294 1475 602 1541 tersissime,
641 1477 695 1526 et
723 1474 840 1542 ipsa
872 1474 1245 1542 opusculorum
1285 1491 1420 1542 quae
1458 1474 1559 1526 tibi
1596 1475 1749 1527 trado
1790 1493 1912 1528 con-

144 1548 275 1600 ditio
331 1548 406 1600 sic
451 1547 631 1615 posita
675 1549 758 1599 est
802 1550 863 1599 ut
906 1549 1052 1599 totus
1091 1546 1178 1599 hic
1215 1547 1350 1599 alter
1387 1547 1523 1599 liber
1560 1565 1710 1600 meus
1750 1549 1912 1602 etiam

145 1623 262 1674 sine
294 1621 522 1689 epistola
553 1621 619 1673 ad
649 1622 703 1672 te
736 1622 953 1689 spectet.
1005 1619 1238 1687 primum
1269 1619 1412 1671 enim
1442 1619 1607 1672 habet
1636 1620 1911 1675 Glauciam

144 1697 406 1762 nostrum,
444 1694 592 1746 cuius
625 1694 988 1762 gratissimam
1018 1693 1319 1761 infantiam,
1358 1695 1411 1744 et
1441 1694 1652 1762 qualem
1683 1695 1914 1762 plerum·
1986 1700 1988 1716 ³

146 1787 247 1837 que
277 1768 517 1820 infelices
559 1768 870 1835 sortiuntur,
911 1766 1050 1835 apud
1081 1769 1134 1818 te
1168 1766 1473 1834 complexus
1506 1768 1767 1820 amabam.
1805 1769 1913 1821 iam

49 1863 53 1866 ·
145 1859 272 1894 uero
316 1841 419 1893 tibi
464 1841 624 1892 huius
671 1840 857 1892 amissi
909 1857 1091 1892 recens
1136 1840 1329 1891 uulnus
1377 1836 1460 1909 (ut
1498 1840 1628 1909 scis)
1675 1842 1910 1909 epicedio

144 1917 458 1983 prosecutus
491 1931 610 1966 sum
642 1913 772 1966 adeo
802 1913 1122 1965 festinanter
1151 1914 1212 1964 ut
1242 1912 1595 1965 excusandam
1632 1914 1912 1967 habuerim
1947 1910 1957 1973 ζ

147 1987 423 2040 affectibus
461 1987 569 2039 tuis
609 1987 950 2039 celeritatem.
1011 2003 1111 2038 nec
1147 2003 1289 2038 nunc
1328 2003 1445 2038 eam
1484 1987 1626 2054 apud
1663 1990 1716 2039 te
1755 1989 1912 2056 iact0,

147 2061 239 2129 qui
285 2059 452 2128 nosti,
500 2059 591 2112 sed
631 2062 683 2111 et
733 2061 922 2112 ceteris
967 2059 1167 2127 indico;
1213 2076 1280 2111 ne
1321 2059 1438 2128 quis
1477 2060 1745 2127 asperiore
1784 2061 1912 2114 lima

147 2151 362 2186 carmen
400 2134 668 2185 examinet
700 2135 753 2184 et
784 2151 815 2184 a
846 2132 1070 2185 confuso
1104 2131 1360 2200 scriptum
1393 2134 1447 2184 et
1477 2132 1682 2186 dolenti
1713 2133 1912 2202 datum,

147 2225 267 2260 cum
296 2222 475 2274 'paene
515 2224 846 2274 superuacua
877 2207 986 2258 sint
1022 2205 1177 2258 tarda
1206 2205 1414 2258 solatia.
1469 2204 1608 2258 Polli
1647 2207 1751 2259 mei
1782 2207 1913 2259 uilla

148 2279 482 2347 Surrentina,
529 2297 662 2347 quae
704 2279 964 2347 sequitur,
1020 2279 1203 2332 debuit
1240 2297 1273 2330 a
1310 2297 1395 2331 me
1433 2279 1521 2330 uel
1559 2279 1616 2330 in
1654 2279 1911 2332 honorem

148 2353 481 2421 eloquentiae
529 2352 640 2404 eius
691 2352 998 2420 diligentius
1037 2352 1162 2419 dici,
1203 2350 1295 2403 sed
1334 2351 1533 2404 amicus
1571 2352 1793 2421 ignouit.
1855 2354 1911 2406 in

148 2427 390 2478 arborem
424 2427 564 2477 certe
601 2427 765 2493 tuam,
802 2423 1004 2492 Melior,
1043 2427 1097 2476 et
1133 2424 1419 2492 psittacum
1451 2424 1621 2485 scis“'a
1651 2444 1736 2478 me
1766 2427 1910 2479 leues

148 2499 361 2552 libellos
389 2498 540 2567 quasi
564 2498 965 2567 epigrammatis
989 2498 1107 2550 loco
1133 2497 1373 2564 scriptos.
1415 2497 1637 2550 eandem
1663 2500 1911 2568 exigebat

268 2687 333 2730 In
363 2687 494 2729 titulo
527 2685 618 2730 Sal.
651 2689 708 2729 A:
743 2685 941 2730 salutem
971 2689 1000 2727 G
1023 2685 1039 2741 ΙΙ
1063 2689 1088 2728 5
1107 2684 1166 2727 ad
1195 2685 1242 2728 te
1274 2685 1452 2740 spectet
1480 2686 1665 2740 scripsi:
1699 2689 1910 2743 expectet
1941 2734 1944 2738 ,

152 2745 212 2788 Α*
244 2750 271 2787 c
305 2746 570 2801 expectetur
601 2745 733 2788 Dom.
773 2745 788 2799 ΙΙ
827 2749 853 2788 6
885 2742 1151 2800 gratissima
1187 2743 1387 2787 infantia
1424 2747 1453 2785 c
1484 2759 1511 2785 a.
1533 2746 1548 2800 ΙΙ
1573 2749 1596 2787 7
1631 2745 1910 2791 ammirabar

156 2804 322 2849 Markl.
352 2806 358 2860 1
392 2804 486 2847 iam
518 2817 627 2847 uero
659 2803 816 2848 Dom.:
861 2802 957 2846 iam
1003 2815 1095 2845 non
1141 2806 1169 2843 c
1208 2817 1234 2844 a
1256 2803 1272 2858 ΙΙ
1304 2807 1359 2845 14
1389 2802 1561 2846 honore
1593 2807 1622 2844 c
1653 2818 1695 2857 a,
1731 2817 1843 2849 corr.
1879 2808 1907 2847 ς
1954 2825 1957 2850 ,·

1946 2858 1957 2886 f
