2020 3106
573 152 857 201 EDITORIS
887 151 1249 199 PRAEFATIO.
1669 155 1775 199 Xlll

9 269 10 272 ’
88 274 415 329 adtexendos
455 275 665 330 curavit
703 273 808 347 (Of.
847 274 1096 345 Append.
1134 274 1214 329 ed.
1251 274 1542 329 Lindenbr.
1582 293 1633 343 p.
1665 276 1774 329 513

90 347 308 420 -536).
355 346 651 419 Utriusque
690 349 889 403 codicis
931 349 1192 403 lectiones
1232 366 1353 402 cum
1393 348 1710 419 plerumque
1743 368 1776 402 a

85 421 342 477 Behottio
377 422 520 477 inter
546 440 608 477 se
639 441 748 477 non
789 423 1213 494 distinguantur,
1251 423 1338 475 his
1378 422 1514 477 locis
1555 422 1774 492 signum

82 494 229 550 Beh.
274 496 454 567 posui,
508 497 831 567 ubicumque
881 515 1006 551 vero
1062 497 1223 550 lectio
1271 496 1429 551 unius
1484 496 1774 550 alteriusve

83 587 332 639 expresse
377 573 622 641 notatur,
669 571 869 625 litteris
916 569 1063 625 Beh.
1107 573 1134 624 1
1178 572 1263 624 vel
1301 571 1359 639 2,
1410 570 1505 624 ubi
1552 588 1775 624 consen-

82 642 226 698 tiunt
261 642 456 698 Behh.
494 663 623 698 usus
664 664 799 699 sum.
853 644 918 698 In
959 645 1131 698 altero
1170 645 1310 699 libro
1349 644 1643 713 eodemque
1686 663 1773 697 ve-

80 717 384 772 tustissimo
422 720 574 773 totus
615 719 755 773 liber
792 719 998 789 primus
1035 719 1268 789 librique
1301 718 1521 773 secundi
1553 719 1774 772 initium

24 812 26 816 »
80 790 502 847 desiderabatur.

229 863 372 920 God.
408 865 763 938 'pragensis
796 868 831 921 2
863 865 1051 939 (Bibl.
1091 867 1366 921 univers.
1399 866 1549 921 VIII.
1581 866 1649 923 H.
1674 866 1771 937 31)

80 956 213 995 saec.
245 937 537 1011 XI—XIP,
577 959 610 995 a
649 941 1017 1011 compluribus
1050 942 1300 995 manibus
1340 945 1609 1008 exaratus,
1649 959 1771 994 con·

77 1012 216 1067 tinet
260 1013 539 1068 Thebaida
583 1014 710 1069 inde
758 1033 790 1069 a
838 1016 964 1068 libri
1018 1016 1179 1085 primi
1227 1034 1274 1068 v.
1322 1015 1432 1069 513
1487 1033 1656 1085 usque
1705 1015 1770 1068 ad

78 1100 125 1142 v.
166 1086 274 1142 635
313 1087 443 1142 libri
482 1088 797 1143 duodecimi.
873 1089 1035 1142 Hunc
1078 1090 1314 1143 codicem
1354 1089 1595 1160 duosque
1636 1090 1771 1143 alios

74 1160 310 1231 primum
356 1162 423 1215 ad
468 1162 643 1217 lucem
685 1163 922 1233 protulit
961 1163 1195 1218 Ioannes
1234 1163 1444 1216 Kellius
1484 1164 1543 1217 in
1582 1163 1770 1217 libello

78 1235 170 1304 qui
193 1234 531 1289 inscribitur:
557 1234 662 1290 ‘die
679 1236 1033 1291 Klassischen
1049 1237 1475 1291 Handschriften
1491 1238 1550 1291 in
1566 1235 1771 1307 Preger

75 1306 482 1379 Bibliotheken‚
537 1310 683 1381 Prag
735 1309 903 1364 1872’
952 1331 1003 1381 p.
1043 1312 1115 1364 22
1154 1330 1268 1381 sqq.
1343 1311 1467 1365 Duo
1513 1311 1598 1364 illi
1642 1315 1771 1365 sunt

75 1382 204 1437 cod.
241 1382 423 1454 Prag.
467 1385 494 1437 1
539 1382 716 1454 (bibl.
756 1385 1031 1438 univers.
1070 1385 1219 1439 VIII.
1258 1385 1326 1439 H.
1355 1384 1447 1456 11)
1488 1403 1625 1440 saec.
1648 1382 1770 1439 XIIi

75 1459 130 1510 et
168 1456 296 1510 cod.
326 1456 508 1528 Prag.
541 1459 575 1511 3
615 1458 791 1529 (bibl.
831 1459 1023 1529 capit.
1057 1459 1337 1513 cathedr.
1370 1458 1442 1512 M.
1470 1457 1600 1529 124)
1634 1477 1771 1513 saec.

78 1527 240 1600 XIIP,
281 1548 416 1601 quos
449 1532 517 1585 ad
548 1532 674 1586 libri
705 1533 855 1586 tertii
887 1533 1308 1604 quadringentos
1341 1552 1528 1587 versus
1558 1533 1770 1586 Kellius

76 1621 196 1658 eum
227 1605 465 1659 editione
496 1605 746 1660 Muelleri
778 1607 1008 1660 contulit
1041 1610 1094 1660 et
1124 1608 1444 1661 varietatem
1475 1607 1769 1661 lectionum

72 1676 275 1749 publici
322 1678 454 1733 iuris
496 1680 645 1735 fecit.
714 1681 795 1734 -Hi
848 1684 959 1734 tres
1008 1681 1158 1735 codd.
1205 1682 1478 1736 artissime
1525 1682 1670 1735 inter
1709 1699 1767 1734 se

75 1751 360 1820 coniuncti,
397 1756 460 1808 ut
500 1772 564 1808 ex
603 1755 792 1808 eodem
828 1754 981 1809 fonte
1021 1755 1293 1810 derivatos
1327 1774 1445 1809 esse
1477 1756 1768 1809 verisimile

23 1844 25 1849 ·
76 1825 170 1895 sit,
228 1827 464 1881 maxime
518 1832 826 1899 congruunt
880 1847 908 1882 e
964 1829 1236 1883 codicibus
1298 1830 1492 1883 ceteris
1555 1848 1676 1883 cum
1730 1836 1769 1881 f.

75 1897 313 1962 Quorum
360 1918 480 1955 cum
525 1901 708 1973 Prag.
747 1904 781 1956 2
828 1903 1000 1956 multo
1048 1905 1287 1974 optimus
1335 1904 1632 1972 videretur,
1671 1921 1768 1972 per

73 1971 282 2028 litteras
327 1974 571 2029 Kellium
618 1977 749 2044 adii,
796 1980 859 2030 ut
904 1996 990 2031 me
1037 1978 1101 2031 de
1149 1977 1262 2032 eius
1310 1978 1633 2031 lectionibus
1682 1995 1767 2030 ac·

74 2047 313 2101 curatius
345 2048 630 2103 certiorem
659 2049 883 2119 faceret3
926 2052 1069 2120 quod
1099 2052 1235 2105 mihi
1265 2053 1475 2121 petenti
1506 2053 1588 2105 vir
1626 2070 1768 2104 sum·

23 2154 26 2160 ‹
74 2137 194 2174 mae
225 2121 503 2177 doctrinae
528 2126 690 2193 atque
714 2125 1071 2189 humanitatis
1095 2126 1476 2179 liberalissime
1499 2125 1767 2195 praebuit,

76 2193 339 2323 uddl‘m‘bfis
380 2197 548 2251 etiam
587 2199 855 2269 excerptis
888 2200 1172 2252 >nonnullis
1205 2218 1270 2253 ex
1302 2199 1510 2253 duobus
1538 2199 1765 2268 reliquis

74 2284 135 2322 co
172 2286 244 2323 ici
282 2289 360 2324 ηε.

221 2340 381 2406 Cod.
449 2344 789 2400 Parisinus
860 2346 1006 2400 8055
1068 2347 1198 2401 olim
1269 2345 1763 2401 Colbertinus

75 2412 298 2487 (Oolb.)
337 2419 631 2472 membran.
664 2420 906 2474 continet
944 2439 1067 2474 cum
1099 2422 1208 2474 alia
1238 2425 1355 2475 tum
1386 2439 1510 2491 pag.
1543 2422 1763 2475 1—-140

73 2487 350 2545 Thebaida
411 2510 576 2546 manu
626 2512 766 2547 saec.
820 2493 970 2547 XIIIi
1023 2499 1302 2549 exaratam
1357 2513 1478 2548 cum
1543 2496 1763 2549 scholiis

73 2565 128 2616 et
176 2565 380 2635 ¹glossis,
444 2566 747 2637 adscriptis
825 2568 977 2638 Ipse,
1038 2588 1159 2623 cum
1220 2569 1446 2622 Parisiis
1508 2587 1764 2636 morarer,

23 2668 25 2687 Α
74 2635 362 2766 αὼῖῗζᾶ.
402 2713 908 2785 Rehdigeranus
950 2718 1123 2787 (bibl.
1165 2717 1294 2769 urb.
1327 2715 1595 2769 vratisl.
1633 2715 1763 2785 125)

24 2789 25 2814 ³
71 2789 123 2837 R
168 2803 302 2839 saec.
348 2785 511 2857 XJV1,
568 2806 726 2858 quem
768 2791 866 2859 qui
908 2795 1032 2844 ante
1079 2790 1346 2843 Thomam
1392 2789 1762 2859 Rehdigerum

70 2857 385 2925 possidebat
421 2861 478 2913 in
513 2861 676 2915 Italia
715 2881 747 2915 a
786 2863 949 2917 Petro
981 2864 1298 2918 Florentino
1331 2863 1629 2933 bibliopola
1659 2862 1756 2917 Ur-
