1976 3094
237 148 311 200 98
815 146 864 192 P.
896 146 1124 192 PAPINH
1155 146 1348 192 s‘rATn

235 269 453 323 Moenia
490 269 644 339 lapsa
684 268 792 321 situ
814 286 1165 339 ,magnaeque
1203 269 1528 339 Amphionis
1569 287 1718 323 arces

233 343 351 397 Iam
390 344 595 397 fessum
635 342 784 395 senio
823 342 1030 395 nudant
1069 343 1236 409 latus,
1277 347 1333 396 et
1369 343 1474 396 fide
1514 361 1666 398 sacra

235 418 512 487 Aequatos
553 417 702 470 caelo
744 416 964 469 surdum
1004 420 1165 487 atque
1205 417 1447 487 ignobile
1486 436 1668 472 muros

233 492 441 545 Firmat
480 509 629 561 opus,
708 489 914 543 Tamen
953 494 1007 543 et
1045 491 1268 545 Boeotis
1307 491 1532 544 urbibus
1571 492 1739 544 ultrix
1837 506 1924 547 360

233 566 498 634 Adspirat
534 565 667 618 ferri
705 564 907 635 rabies,
945 583 1045 618 nec
1082 566 1230 635 regis
1269 566 1442 635 iniqui

234 639 508 708 Subsidio,
547 641 810 708 quantum
850 639 999 693 socia
1035 658 1134 709 pro
1176 643 1337 709 gente
1369 643 1669 693 moventur.

231 714 332 767 Ille
372 714 520 767 velut
558 713 768 781 pecoris
808 713 970 782 lupus
1011 718 1349 782 expugnator
1388 714 1578 784 opimi,

231 788 462 841 Pectora
502 788 713 841 tabenti
751 787 902 840 sanie
943 788 1126 857 gravis
1166 788 1418 857 hirtaque
1460 789 1622 841 saetis

232 861 340 915 Ora
380 865 663 915 cruentata
702 861 958 914 deformis
997 861 1208 915 hiantia
1247 862 1396 931 lana,
1835 876 1921 917 365

230 936 461 989 Decedit
500 936 732 988 stabulis
770 936 876 989 huc
915 936 1045 989 illuc
1082 935 1299 989 turbida
1337 953 1559 989 versans

232 1010 483 1080 Lumina,
523 1011 569 1063 si
609 1009 727 1062 duri
766 1013 1044 1079 comperta
1083 1010 1234 1064 clade
1275 1013 1569 1080 sequantur

228 1084 506 1153 PastoreS,
546 1083 837 1153 magnique
876 1084 1021 1154 fugit
1057 1103 1167 1138 non
1205 1085 1405 1138 inscius
1447 1084 1578 1137 ausi.

303 1159 629 1212 Accumulat
667 1159 883 1211 crebros
922 1159 1196 1212 turbatrix
1232 1158 1401 1212 Fama
1438 1177 1688 1227 pavores:

226 1233 331 1286 Hic
371 1234 481 1286 iam
522 1233 796 1300 dispersos
839 1251 1017 1285 errare
1056 1232 1297 1302 Asopide
1336 1233 1455 1301 ripa
1830 1246 1920 1288 370

226 1307 497 1360 Lernaeos
539 1306 771 1377 equites3
808 1306 898 1359 hic
935 1309 1012 1375 te,
1051 1307 1312 1360 bacchate
1351 1305 1668 1371 Cithaeron,

225 1381 325 1435 Ille
365 1381 486 1450 rapi
526 1380 833 1433 Teumeson
872 1380 951 1433 ait
988 1382 1272 1450 noctisque
1311 1399 1409 1450 per
1446 1381 1666 1434 umbras

224 1455 459 1509 Nuntiat
498 1454 736 1508 excubiis
775 1455 968 1525 vigiles
1010 1455 1207 1509 arsisse
1247 1455 1514 1508 Plataeas.

224 1530 368 1582 Nam
408 1529 599 1598 Tyrios
641 1528 833 1582 sudare
872 1529 1013 1582 lares
1054 1533 1109 1582 et
1147 1530 1412 1600 sanguine
1454 1529 1653 1582 Dircen
1911 1578 1919 1585 .

222 1602 501 1672 Inriguam
539 1603 788 1671 fetusque
828 1621 999 1656 novos
1038 1604 1339 1673 iterumque
1378 1605 1617 1658 locutam
1829 1617 1914 1658 375

225 1675 469 1747 Sphinga
506 1677 698 1746 petriS,
738 1676 823 1729 cui
860 1695 970 1730 non
1010 1680 1065 1730 et
1104 1678 1240 1730 scire
1279 1678 1499 1731 licentia
1535 1677 1741 1746 passim

222 1751 297 1804 Et
336 1751 535 1808 vidisse
574 1750 717 1803 fuit?
792 1748 982 1804 Novus
1021 1751 1108 1804 his
1149 1769 1309 1820 super
1349 1752 1510 1804 anxia
1548 1752 1735 1804 turbat

224 1824 400 1879 Corda
438 1827 638 1877 metus·
679 1825 885 1893 sparsis
926 1825 1107 1878 subito
1148 1829 1396 1894 correpta
1434 1825 1685 1878 canistris

224 1898 502 1952 Silvestris
540 1899 736 1968 regina
776 1898 929 1952 chori
972 1899 1211 1952 decurrit
1248 1900 1306 1952 in
1346 1917 1574 1968 aequum

221 1973 438 2026 Vertice
479 1973 545 2026 ab
587 1971 799 2043 Ogygio
839 1972 1183 2042 trifidamque
1221 1973 1327 2027 huc
1365 1973 1543 2026 tristis
1576 1977 1629 2026 et
1660 1973 1791 2028 illuc
1827 1987 1913 2028 380

220 2047 446 2100 Lumine
487 2047 781 2116 sanguineo
821 2047 1009 2115 pinum
1050 2047 1282 2101 deiectat
1320 2050 1376 2101 et
1414 2047 1607 2101 ardens

218 2121 473 2175 Erectam
514 2121 763 2174 attonitis
802 2121 995 2190 implet
1034 2121 1362 2175 clamoribus
1403 2122 1613 2175 urbem.

221 2195 597 2266 Omnipotens
637 2193 851 2264 Nysaee
890 2198 1068 2278 pater,
1107 2197 1192 2249 cui
1231 2196 1406 2266 gentis
1447 2196 1626 2249 avitae

218 2269 435 2323 Pridem
476 2271 662 2339 lapsus
704 2287 878 2338 amor,
916 2260 978 2322 tu
1016 2288 1158 2323 nunc
1196 2269 1452 2323 horrente
1492 2270 1590 2323 sub
1631 2273 1780 2324 arcto

338 2435 438 2473 373.
475 2428 1023 2474 ‘Nuntiat—Plataeas’
1060 2429 1232 2474 schol.
1265 2430 1408 2474 Theb.
1444 2429 1529 2474 VII
1560 2434 1647 2475 332
1673 2445 1719 2487 p.
1745 2435 1832 2475 254
1855 2430 1904 2477 L.

336 2582 421 2623 357
462 2576 595 2634 lapsa
635 2581 796 2631 PpGH
825 2578 938 2623 Beh.
979 2583 1010 2620 Τ
1042 2578 1224 2635 Anqlic.
1261 2592 1301 2623 π
1332 2578 1460 2622 lassa
1489 2578 1644 2622 BG2M
1673 2578 1804 2623 laesa
1832 2580 1901 2624 vel

214 2637 352 2695 lapsa
403 2636 706 2693 Wakefieldas
760 2636 870 2682 laxa
915 2636 1243 2684 Lachmannas
1275 2638 1291 2695 ss
1326 2643 1412 2683 363
1441 2651 1530 2696 sqq.
1581 2638 1740 2683 Totam
1781 2640 1902 2683 hanc

214 2698 608 2754 comparationem,
641 2711 743 2742 cwm
765 2698 908 2754 plane
930 2697 1132 2754 pendeat
1161 2697 1378 2755 nullaque
1408 2710 1509 2743 cam
1540 2698 1695 2742 ceteris
1719 2698 1901 2744 ratione

215 2757 462 2811 cohaereat,
493 2757 838 2814 suppositiciam
867 2769 958 2802 esse
988 2760 1131 2801 censet
1154 2755 1534 2812 Sandstroemias,
1566 2761 1726 2802 contra
1747 2756 1900 2802 Baeh-

212 2817 393 2861 rewsias
407 2830 475 2861 vv.
495 2817 670 2872 aliquot
686 2820 792 2861 ante
806 2819 899 2862 363
915 2816 1345 2873 &ntercidissepatat
1366 2817 1383 2873 ΙΙ
1406 2819 1491 2861 364
1506 2815 1715 2860 tabentis
1731 2820 1764 2858 Ρ
1780 2817 1793 2873 Η
1811 2820 1900 2861 374

218 2874 383 2918 sudare
408 2880 439 2917 P
451 2879 485 2917 G
511 2876 702 2918 sudasse
727 2880 759 2918 B
772 2875 827 2918 ΘΞ
840 2881 884 2918 Μ
908 2875 923 2931 ss
947 2879 1031 2920 376
1059 2875 1130 2918 est
1145 2879 1177 2917 B
1191 2875 1299 2918 G‘2H
1322 2875 1336 2931 ΙΙ
1361 2879 1445 2919 378
1471 2873 1654 2932 capillis
1671 2875 1898 2920 Barthias
1937 2905 1941 2908 »
