1988 3106
78 163 184 215 154
678 162 728 206 P.
760 161 989 206 PAPINII
1021 161 1221 207 STATII

919 308 985 363 V.

484 409 811 455 EPICEDION
850 409 917 453 IN
956 409 1208 455 PUERUM
1247 409 1426 455 SUUM.

73 500 161 554 Me
201 501 475 553 miserum!
516 519 689 569 neque
729 500 870 552 enim
908 500 1087 552 uerbis
1129 501 1478 554 sollemnibus
1517 502 1628 556 ulla

74 575 334 643 Incipiam
374 592 517 627 nunc
557 572 826 626 Castaliae
864 573 1139 627 uocalibus
1179 573 1338 627 undis

73 647 289 700 Inuisus
329 647 650 716 Phoeboque
690 647 886 717 grauis.
940 665 1076 716 quae
1114 650 1311 715 uestra,
1351 665 1573 714 sorores,

74 721 253 790 Orgia,
292 720 512 789 Pieriae,
553 739 686 789 quas
725 720 1107 773 incestauimus
1148 721 1308 773 aras?

74 793 265 862 Dicite,
303 797 429 862 post
465 812 696 862 poenam
734 793 893 846 liceat
931 794 1217 847 commissa
1254 794 1426 847 fateri.
1812 809 1838 849 5

73 866 348 936 Numquid
385 868 658 920 inaccesso
696 867 854 935 posui
891 867 1122 936 uestigia
1158 867 1317 920 luco?

73 939 218 992 Num
257 940 425 992 uetito
458 941 520 992 de
559 941 708 993 fonte
745 940 896 992 bibi?
935 958 1070 1009 quae
1110 941 1281 1009 culpa,
1313 941 1431 1010 quis
1473 959 1632 1010 error,

76 1014 243 1076 Quem
281 1014 493 1083 luimus,
529 1013 751 1066 tantus?
811 1013 1163 1066 morientibus
1203 1031 1321 1067 ecce
1358 1014 1573 1068 lacertis

73 1085 301 1139 Uiscera
338 1090 526 1140 nostra
563 1090 750 1140 tenens
791 1087 1130 1156 animamque
1170 1088 1422 1140 auellitur
1459 1088 1654 1156 infanS,

75 1159 200 1212 Non
233 1161 296 1212 de
336 1161 502 1230 stirpe
540 1163 765 1229 patrum,
793 1178 892 1213 nec
931 1160 1021 1229 qui
1059 1178 1179 1213 mea
1217 1162 1439 1214 nomina
1469 1161 1669 1215 ferret*
1785 1177 1838 1217 10

75 1233 307 1302 Oraque,
347 1251 458 1286 non
494 1234 703 1286 fueram
741 1233 969 1303 genitor,
1008 1233 1101 1286 sed
1139 1235 1338 1286 cernite
1376 1234 1532 1287 fletus

75 1305 430 1376 Liuentesque
469 1324 635 1376 genas
677 1310 731 1359 et
769 1306 966 1359 credite
1004 1307 1335 1374 planctibus:
1376 1308 1552 1376 orbus,

77 1378 250 1433 Orbus
291 1397 406 1449 ego.
482 1381 586 1433 huc
625 1383 805 1449 patres
846 1382 900 1432 et
938 1382 1126 1448 aperto
1164 1384 1380 1448 pectore
1401 1385 1616 1443 ,matres

74 1451 439 1522 Conueniant3
480 1455 679 1506 crinem
718 1454 922 1521 capulis
963 1456 1017 1506 et
1054 1454 1303 1506 cinnama
1341 1454 1500 1524 ferto,

78 1524 135 1578 Si
174 1545 280 1595 qua
318 1527 416 1579 sub
455 1527 708 1579 uberibus
747 1527 919 1594 plenis
959 1526 1026 1578 ad
1064 1526 1254 1579 funera
1291 1530 1450 1580 natos
1786 1543 1838 1582 15

74 1597 202 1667 Ipsa
239 1600 408 1669 gradu
446 1600 662 1652 labente
700 1599 828 1652 tulit
865 1599 1240 1669 madidumque
1278 1600 1466 1653 cecidit

76 1671 268 1725 Pectus
309 1676 362 1725 et
400 1673 645 1725 ardentes
684 1673 935 1737 restinxit
971 1673 1110 1725 lacte
1148 1672 1387 1741 fauillas3

76 1745 330 1815 Quisquis
371 1746 542 1799 adhuc
579 1749 794 1799 tenerae
835 1746 1107 1814 signatum
1145 1746 1274 1799 flore
1312 1747 1563 1800 iuuentae

73 1818 350 1881 Immersit
386 1819 551 1871 cineri
589 1820 836 1871 iuuenem
873 1819 1148 1887 primaque
1185 1819 1411 1873 iacentis

76 1890 298 1960 Serpere
338 1892 564 1945 crudelis
602 1893 739 1944 uidit
773 1892 1030 1962 lanugine
1069 1892 1326 1961 flammas,
1784 1909 1840 1949 20

76 1965 236 2018 Adsit
273 1968 327 2017 et
365 1966 571 2018 alterno
611 1983 820 2018 mecum
859 1966 1088 2018 clamore
1127 1965 1367 2020 fatiscat:

74 2037 336 2091 Uincetur
373 2039 622 2107 lacrimis,
662 2042 716 2091 et
752 2042 821 2107 te,
859 2037 1081 2107 Natura,
1117 2038 1356 2107 pudebit.

75 2110 252 2164 Tanta
291 2111 423 2164 1111111
459 2112 660 2182 feritaS,
697 2115 852 2166 tanta
891 2115 972 2164 est
1008 2112 1221 2165 insania
1258 2113 1448 2166 luctus

193 2372 249 2418 V.
306 2379 327 2416 1
362 2373 478 2430 ulla]
510 2373 633 2416 ultra
661 2371 910 2426 Barthius;
939 2371 1048 2415 ullis
1082 2372 1204 2428 Peyo
1207 2386 1274 2416 ar
1298 2374 1314 2428 ΙΙ
1337 2378 1362 2416 2
1403 2387 1524 2417 nunc
1556 2372 1838 2418 8011361136.-

74 2445 160 2476 1160
192 2435 221 2472 G
253 2446 280 2473 3
302 2432 317 2487 ΙΙ
341 2435 366 2474 8
398 2431 554 2475 tantus
588 2431 870 2479 Politianus:
902 2430 1045 2474 tantis
1075 2434 1104 2472 0
1128 2445 1155 2473 3
1181 2429 1188 2488 Ι
1215 2430 1399 2475 lacertis
1431 2435 1460 2475 ς
1485 2446 1532 2475 az
1564 2431 1754 2477 lacescit
1776 2433 1839 2476 A*

76 2490 263 2534 lacestis
293 2490 367 2533 uel
394 2489 595 2544 latescis,
625 2490 722 2533 sim.
757 2493 784 2530 c
808 2490 824 2545 ΙΙ
847 2493 872 2532 9
906 2488 1150 2544 animaque
1183 2493 1212 2530 0
1243 2504 1284 2543 3,
1315 2502 1429 2534 corr.
1461 2491 1526 2534 ed
1562 2489 1717 2535 Parm.
1743 2493 1759 2548 ΙΙ
1785 2496 1838 2536 10

75 2550 264 2605 patrum
293 2548 479 2604 scripsi:
517 2524 704 2603 quidem
743 2551 771 2589 G
804 2562 831 2589 3
875 2548 890 2603 ΙΙ
936 2552 990 2591 12
1031 2548 1169 2591 orbus
1198 2548 1386 2603 scripsi.-
1423 2548 1524 2592 orbi
1555 2552 1583 2590 c
1615 2563 1643 2591 3
1674 2549 1838 2594 orbum

77 2607 298 2651 Heinsius
327 2606 612 2663 planctibus,
653 2606 773 2650 01101·
808 2605 981 2649 Μανᾘεῖ
1005 2607 1021 2662 ΙΙ
1046 2610 1101 2650 14
1132 2604 1306 2650 crinem
1338 2606 1515 2663 capulis
1547 2608 1596 2651 et
1626 2608 1840 2653 cinnama

75 2667 263 2722 scripsi.-
293 2664 587 2720 cineremque
620 2665 763 2709 oculis
797 2666 844 2707 et
875 2663 1066 2707 0111111113
1088 2667 1125 2706 A
1149 2669 1178 2705 c
1211 2664 1471 2720 crinemque
1502 2665 1626 2721 rogis
1659 2668 1706 2710 et
1734 2680 1837 2723 gra·

77 2724 203 2768 mina
234 2723 456 2768 Heinsius
495 2723 734 2779 crinesque
773 2722 898 2779 rogis
941 2724 988 2766 et
1025 2735 1218 2766 munera
1253 2723 1427 2767 Markl.
1455 2727 1462 2776 Ι
1488 2723 1609 2768 ferto
1643 2724 1837 2771 Politia-

75 2795 184 2826 nus:
217 2782 334 2827 ferte
367 2786 395 2823 c
428 2797 455 2824 3
476 2783 492 2838 ΙΙ
518 2787 569 2826 17
602 2781 838 2826 restrinxit
866 2780 897 2823 1.
929 2780 1128 2838 papillas
1161 2785 1189 2823 c
1222 2796 1269 2837 3,
1301 2794 1413 2826 corr.
1448 2785 1477 2825 ς
1500 2783 1516 2838 ΙΙ
1539 2786 1595 2826 20
1627 2782 1837 2829 flammas

77 2841 234 2885 Dona:
264 2841 411 2884 malas
445 2845 472 2882 G
506 2855 533 2883 a
