1976 3126
197 178 232 231 2
236 178 308 231 54
776 177 826 222 P.
857 175 1087 221 PAPINII
1117 175 1314 221 STATII

197 298 550 369 Argolicique
590 298 731 350 lares
769 316 1072 366 numenque
1111 301 1236 351 ante
1278 297 1459 350 omnia
1496 296 1632 351 Iuno
1799 313 1884 353 515

199 371 314 443 (Sic
355 390 456 442 ego
494 372 601 424 fida
642 370 860 443 meis‘P),
899 371 1083 441 pelagi
1121 371 1424 425 crudelibus
1462 371 1567 424 ibit

196 447 405 499 Praeda
442 445 613 498 feris?
655 448 799 498 certe
838 446 1078 498 tumulos
1118 463 1475 515 supremaque
1513 443 1671 498 victis

195 520 346 573 Iusta
386 520 575 589 dabas3
614 518 710 572 ubi
750 516 1042 589 Cecropiae
1080 523 1208 588 post
1245 519 1451 588 proelia
1487 517 1774 572 flammae?

198 593 438 647 Theseos
478 593 622 663 ignis
662 593 759 646 ubi
798 593 945 646 est‘?'
1006 592 1133 646 Non
1168 593 1376 661 spernit
1407 593 1653 662 coniugis
1687 611 1884 663 aequas

195 666 294 719 Ille
333 685 543 736 preceS,
581 667 880 736 leviterque
920 667 1105 720 oculos
1146 667 1213 719 ad
1250 667 1465 720 moenia
1504 665 1695 720 Cadmi
1800 680 1886 721 520

199 740 457 810 Rettulit,
499 745 552 793 et
589 741 708 794 viso
749 741 1006 794 sederunt
1046 741 1268 794 flumina
1305 744 1458 794 nutu·

195 813 351 867 Illius
394 832 663 884 exangues
702 815 876 867 umeri
917 818 971 867 et
1007 814 1257 883 perfossa
1294 817 1583 884 patescunt

193 888 442 942 Pectora:
482 907 579 942 ceu
617 889 796 942 ventis
836 889 947 942 alte
987 907 1108 941 eum
1148 890 1292 942 elata
1328 889 1528 941 resedit

195 961 536 1031 TempestaS,
579 965 809 1032 surgunt
849 963 1058 1031 scopuli
1097 963 1449 1032 quaesitaque
1487 961 1669 1014 nautis

195 1035 386 1105 Terra,
427 1040 481 1090 et
521 1037 588 1090 ab
628 1036 842 1089 infestis
884 1036 1215 1090 descendunt
1253 1054 1488 1107 aequora
1527 1036 1685 1089 saxis,
1799 1048 1883 1090 525

195 1109 335 1172 Quid
374 1111 520 1179 ripas
559 1110 798 1163 tenuisse
837 1110 1025 1164 iuvat?
1063 1110 1263 1179 premit
1300 1111 1537 1179 undique
1575 1110 1762 1163 nimbo

192 1182 449 1236 Telorum
489 1183 789 1237 Phoenissa
828 1185 1044 1254 cohorS,
1082 1203 1180 1238 nec
1219 1185 1464 1255 tegmina
1502 1183 1758 1237 membris

193 1256 345 1326 Ulla,
388 1259 670 1327 omnisque
709 1261 866 1327 patet
903 1259 1035 1328 let03
1076 1261 1206 1311 tunc
1244 1259 1466 1312 vulnera
1505 1262 1752 1327 manant,

193 1330 405 1401 Quique
446 1332 545 1384 sub
588 1350 746 1385 amne
786 1332 877 1385 diu
917 1332 1127 1402 stupuit
1165 1350 1344 1401 cruor,
1384 1350 1506 1385 aere
1544 1332 1688 1385 nudo

192 1402 433 1458 Solvitur
472 1409 527 1458 et
566 1409 755 1459 tenues
796 1424 1055 1460 venarum
1094 1407 1244 1460 laxat
1281 1406 1488 1476 hiatus,
1797 1417 1882 1460 530
1964 1472 1966 1476 v

188 1478 490 1550 Incertique
530 1479 721 1532 labant
758 1480 1024 1533 undarum
1066 1484 1120 1533 et
1156 1480 1358 1550 frigore
1400 1497 1630 1549 gressus,

189 1552 532 1623 Procumbit,
574 1553 761 1607 Getico
802 1554 978 1623 qualis
1017 1555 1325 1624 procumbit
1362 1555 1420 1606 in
1456 1553 1667 1607 Haemo

193 1624 299 1678 Seu
338 1627 545 1680 Boreae
585 1628 739 1680 furiis
778 1628 926 1696 putri
965 1646 1059 1680 seu
1097 1628 1291 1681 robore
1332 1646 1556 1697 quercus

193 1697 359 1753 Caelo
401 1701 572 1753 mixta
612 1717 817 1770 comaS‚
857 1702 1240 1771 ingentemque
1280 1720 1405 1755 aera
1443 1702 1614 1754 laxat:
1927 1751 1955 1762 ,,

191 1772 354 1826 Illam
393 1778 676 1828 nutantem
715 1793 904 1828 nemus
944 1779 998 1828 et
1035 1793 1190 1828 mons
1227 1775 1344 1844 ipse
1382 1775 1682 1844 tremescit,
1795 1773 1879 1829 5235

192 1847 310 1910 Qua
348 1849 546 1901 tellure
587 1849 765 1917 cadat,
806 1867 939 1918 quas
980 1850 1177 1903 obruat
1215 1849 1400 1903 ordine
1441 1850 1619 1903 silvas,
1929 1859 1935 1877 ³

186 1919 314 1974 Non
353 1925 540 1975 tamen
581 1927 675 1975 aut
714 1941 897 1975 ensem
937 1923 1219 1992 galeamve
1258 1923 1482 1977 audacia
1520 1924 1773 1993 cuiquam

188 1993 460 2066 Tangere3
501 1997 592 2049 vix
632 1996 855 2050 credunt
895 1997 1066 2050 oculis
1106 1997 1455 2068 ingentiaque
1494 1997 1721 2051 horrent

185 2067 420 2139 Funera,
462 2074 516 2122 et
556 2071 828 2124 adstrictis
869 2071 1128 2125 accedunt
1168 2072 1464 2125 comminus
1505 2072 1685 2124 armis,

262 2143 501 2197 Tandem
510 2144 766 2213 Hypseus
786 2145 920 2198 adiit
937 2146 1294 2214 capulumque
1310 2146 1369 2199 in
1381 2148 1556 2199 morte
1570 2147 1775 2199 tenenti
1790 2157 1873 2198 540
1904 2144 1906 2146 ’

184 2215 445 2270 Extrahit
484 2222 538 2271 et
575 2222 763 2272 torvos
802 2219 1009 2273 laxa-vit
1048 2219 1253 2272 casside
1291 2221 1497 2289 vultus3

184 2291 341 2360 Itque
381 2310 478 2361 per
516 2291 722 2346 Aonios
764 2293 872 2346 alte
910 2311 1164 2347 mucrone
1204 2312 1424 2347 corusco

185 2362 514 2433 Suspensam
555 2370 835 2419 ostentans
876 2367 1090 2436 galeam
1130 2370 1184 2420 et
1223 2368 1460 2421 clamore
1499 2367 1765 2436 superbit:

184 2436 316 2490 ‘Hic
356 2439 503 2492 ferus
540 2440 947 2509 Hippomedon,
985 2441 1074 2494 hic
1111 2441 1471 2494 formidabilis
1509 2441 1656 2494 ultor

183 2510 398 2580 Tydeos
438 2513 649 2566 infandi
689 2514 1095 2583 debellatorque
1135 2515 1342 2569 cruenti
1786 2525 1870 2568 545

300 2662 387 2703 518
425 2658 576 2702 Busta
613 2659 741 2703 codd.
781 2660 880 2704 edd.
924 2658 1055 2703 Iusta
1093 2673 1206 2705 corr.
1249 2660 1473 2705 Heinsws
1510 2663 1516 2715 1
1556 2658 1798 2716 cecopriae
1835 2661 1869 2700 P

182 2717 457 2773 caecropiae
487 2721 521 2760 B
562 2720 576 2775 ΙΙ
616 2721 701 2761 523
742 2732 847 2761 cum
887 2717 1015 2762 elata
1043 2723 1128 2761 PH
1166 2733 1269 2762 cum
1309 2718 1426 2763 flata
1454 2722 1522 2762 Bc
1561 2719 1764 2762 conflata
1794 2721 1868 2759 Gr

181 2776 278 2821 edd.
327 2781 430 2820 vett.
470 2778 485 2833 ΙΙ
524 2781 610 2820 525
650 2776 843 2820 insessis
883 2778 1106 2822 Heinsius
1143 2779 1159 2834 ΙΙ
1199 2783 1282 2822 531
1325 2780 1374 2822 et
1411 2777 1585 2834 frigore
1623 2783 1656 2820 P
1694 2776 1866 2834 frigore

181 2836 313 2879 ceteri
343 2835 358 2891 ss
391 2840 476 2880 532
509 2835 711 2880 haemon
742 2841 775 2878 P
797 2838 813 2893 ΙΙ
837 2841 923 2880 540
954 2836 1155 2892 hypseus
1189 2836 1310 2880 adiit
1338 2842 1371 2880 P
1404 2837 1524 2882 adiit
1553 2837 1755 2894 hypseus
1789 2837 1868 2878 81

182 2892 281 2937 adit
312 2893 506 2951 hipseus
539 2898 572 2937 B
601 2899 607 2951 Ι
636 2896 906 2951 caelumque
938 2899 970 2937 P
993 2896 1009 2952 ΙΙ
1033 2900 1119 2939 544
1151 2895 1218 2940 sic
1249 2895 1561 2940 formidabilis
1592 2900 1625 2938 P
