1976 3094
634 137 978 185 THEBAIDOS
1010 137 1120 184 LIB.
1153 138 1229 185 VI.
1669 139 1775 194 173

83 262 355 332 Absistet,
393 261 571 331 video,
611 261 936 315 moriturum
976 259 1182 315 auferte
1222 259 1474 315 Lacona?

82 336 198 392 Nec
236 353 410 406 mora,
447 335 756 407 prorumpit
794 334 1031 405 Tydeus,
1068 353 1168 389 nec
1206 336 1357 389 iussa
1394 339 1610 391 recusat

83 409 489 482 Hippomedon3
529 413 657 464 tunc
697 409 788 463 vix
827 410 986 463 ambo
1027 410 1309 464 conatibus
1350 409 1538 464 ambas

86 485 444 557 Rostringunt
466 483 827 554 cohibentque
850 502 1042 538 manus
1068 501 1130 538 ac
1152 483 1391 554 plurima
1414 484 1666 538 suadent:
1692 496 1778 538 790

87 558 293 614 ‘Vincis
303 601 318 629 ,
357 558 469 628 abi3
508 558 793 629 pulchrum
836 558 1006 612 vitam
1046 558 1247 613 donare
1287 558 1496 612 minori.

84 633 286 690 Noster
325 636 381 687 et
417 633 506 687 hic
544 632 778 703 belliqne
818 631 1032 687 comes.'
1108 632 1203 686 Nil
1241 632 1513 704 frangitur
1549 632 1734 702 heros,

86 706 426 778 Ramumque
465 707 816 777 oblatumque
857 725 1020 761 manu
1059 707 1286 761 thoraca
1323 707 1543 776 repellit

87 781 434 837 Vociferans:
473 780 702 836 ‘Liceatl
743 800 854 841 non
891 781 990 835 has
1032 798 1133 853 ego
1174 782 1394 851 pulvere
1435 799 1615 835 crasso
1652 780 1655 785 ’

90 855 272 927 Atque
312 873 500 910 cruore
541 873 730 926 genas,
768 855 966 909 meruit
1004 856 1198 926 quibus
1238 856 1343 910 iste
1381 856 1625 909 favorem
1695 868 1781 909 795

93 929 346 1000 Semivir,
385 929 646 984 infodiam
687 931 1010 1000 mittamque
1049 929 1282 983 informe
1323 930 1569 1000 sepulcro

90 1003 302 1076 Corpus
343 1007 397 1058 et
438 1003 664 1059 Oebalio
706 1004 901 1058 donem
940 1005 1125 1075 lugere
1165 1003 1491 1075 magistro?

89 1079 258 1149 Dicit3
302 1082 359 1132 at
396 1078 540 1133 hunc
579 1079 712 1133 socii
750 1078 1017 1132 tumidum
1059 1082 1113 1132 et
1152 1079 1346 1132 vicisse
1384 1081 1677 1149 negantem

91 1152 385 1222 Avertunt,
424 1156 614 1207 contra
652 1153 878 1206 laudant
916 1153 1149 1223 insignis
1190 1152 1469 1206 alumnum

0 1239 6 1282 ὲ
44 1238 63 1283 3
94 1227 329 1299 Taygeti
366 1227 637 1298 longeque
675 1228 851 1281 minas
890 1227 1059 1281 risere
1098 1226 1353 1281 Lacones,
1698 1239 1784 1280 800

167 1301 487 1356 Iamdudum
528 1301 710 1356 variae
750 1301 937 1355 laudes
979 1305 1034 1355 et
1072 1301 1288 1355 conscia
1326 1301 1500 1354 virtus

4 1398 5 1405 ¹
92 1375 279 1447 Tydea
317 1376 726 1447 magnanimum
768 1375 1004 1429 stimulis
1044 1376 1366 1447 urgentibus
1406 1378 1630 1444 angunt.

0 1454 2 1463 '
43 1510 49 1524 1
94 1450 193 1506 Ille
233 1450 449 1521 quidem
489 1454 544 1504 et
584 1450 732 1504 disco
772 1450 947 1504 bonus
988 1452 1042 1503 et
1080 1449 1402 1503 contendere
1442 1468 1624 1518 cursu,

44 1527 50 1560 '¹
93 1522 208 1579 Nec
247 1527 432 1579 caestu
472 1524 676 1578 bellare
716 1525 917 1592 minor,
958 1523 1051 1577 sed
1091 1523 1248 1577 corde
1287 1524 1505 1577 labores

98 1601 240 1654 Ante
281 1598 418 1652 alios
459 1601 577 1652 erat
613 1602 779 1652 uncta
816 1599 955 1668 pale.
1031 1595 1118 1651 Sic
1158 1598 1271 1651 otia
1308 1597 1499 1651 Martis
1701 1610 1787 1651 805

0 1724 2 1730 ,
97 1671 308 1744 Degere
348 1676 403 1726 et
442 1672 722 1727 armiferas
762 1673 948 1726 laxare
988 1672 1306 1725 adsueverat
1346 1672 1455 1725 iras

0 1738 4 1761 '
94 1746 356 1818 Ingentes
396 1749 586 1801 contra
622 1747 716 1801 ille
755 1747 903 1801 viros
943 1745 1208 1800 Acheloia
1247 1746 1447 1800 circum

93 1820 290 1875 ‘Litora
325 1819 616 1891 felicesque
655 1821 754 1875 deo
794 1824 1133 1875 monstrante
1173 1821 1494 1890 palaestras.

86 1895 254 1966 ,Ergo
294 1895 388 1948 ubi
428 1894 669 1948 luctandi
706 1895 926 1949 iuvenes
967 1895 1213 1948 animosa
1251 1895 1442 1948 citavit

111 1969 322 2038 Gloria,
359 1969 624 2023 terrificos
663 1970 866 2022 umeris
905 1969 1137 2022 Aetolus
1178 1969 1404 2022 amictus
1706 1981 1794 2022 810

74 2042 336 2110 {Exuitur
372 2043 714 2113 patriumque
754 2060 917 2095 suem.
993 2042 1167 2096 Levat
1207 2043 1375 2096 ardua
1414 2046 1605 2096 contra

0 2099 5 2139 '
58 2113 352 2172 flMembra
390 2115 687 2171 Cleonaeae
728 2116 915 2186 stirpis
954 2116 1185 2170 iactator
1223 2117 1487 2186 Agylleus
1498 2159 1511 2185 ‚

0 2254 4 2261 ,
105 2190 376 2246 Herculea
413 2209 512 2245 nec
550 2191 694 2245 mole
733 2191 933 2259 minor,
971 2191 1048 2244 sic
1088 2190 1383 2261 grandibus
1424 2191 1532 2243 alte

72 2296 95 2458 ἓ
229 2357 329 2398 797.
364 2350 580 2397 ‘Oebalio
605 2377 660 2385 —
683 2350 933 2408 magistro’
969 2350 1140 2399 schol.
1171 2349 1339 2396 Theb.
1373 2350 1460 2396 VII
1483 2356 1539 2396 21
1565 2367 1610 2409 p.
1636 2355 1723 2397 239
1748 2350 1798 2397 L.

0 2475 3 2496 ;
76 2463 96 2498 >h

79 2558 82 2567 ,
233 2519 318 2560 ‘190
356 2513 700 2572 prohibentque
740 2514 842 2558 BG²
882 2515 1023 2560 Behh.
1057 2518 1239 2558 rbcET
1269 2516 1284 2571 ΙΙ
1317 2519 1401 2560 791
1440 2514 1691 2573 pulchrum
1719 2518 1803 2557 ΡΗ

56 2574 326 2633 «pulcrum
364 2579 400 2617 G
438 2573 686 2632 pulchrum
724 2575 797 2618 est
825 2578 914 2617 Bu
944 2575 1042 2620 edd.
1081 2574 1247 2631 pulcri]
1280 2579 1304 2619 ἓ
1338 2573 1394 2616 G'
1432 2576 1448 2631 ΙΙ
1484 2580 1571 2620 794
1612 2574 1803 2618 vulnere

110 2638 146 2678 P
176 2635 193 2692 ΙΙ
225 2638 310 2680 795
350 2632 520 2690 quibus
560 2633 655 2678 ista
691 2632 887 2678 iuuenta
915 2639 948 2677 P
982 2636 998 2692 ΙΙ
1030 2639 1115 2679 798
1154 2633 1284 2677 Dicit
1312 2638 1345 2676 P
1384 2635 1442 2688 cf.
1478 2635 1531 2677 X
1560 2638 1654 2679 848
1688 2633 1808 2677 XII

0 2701 4 2752 ζ
58 2703 62 2747 ι
117 2696 209 2740 ⁶92
239 2694 354 2739 Ach.
386 2693 424 2737 I
449 2697 538 2738 343
562 2692 694 2737 Dixit
725 2694 859 2738 ceteri
883 2696 889 2750 Ι
918 2693 1069 2738 adhuc
1109 2692 1221 2737 sotii
1252 2698 1284 2735 P
1307 2694 1323 2749 ΙΙ
1346 2697 1432 2737 802
1465 2692 1741 2750 urgentibus
1772 2697 1805 2735 P

0 2758 3 2781 ²
120 2751 388 2810 lugentibus
437 2751 629 2796 Be²su
665 2753 681 2810 ΙΙ
720 2757 807 2798 804
854 2753 939 2797 sed
985 2766 1094 2797 cara
1139 2752 1454 2797 Marklamdus
1487 2755 1503 2809 fl
1538 2756 1623 2796 805
1670 2751 1805 2809 pales

121 2814 284 2855 2331
311 2812 447 2858 schol.
480 2813 538 2868 ef.
571 2812 684 2858 Aah.
718 2812 784 2856 II
808 2816 898 2858 155
921 2815 936 2870 ΙΙ
961 2817 1045 2859 807
1087 2810 1298 2856 acaeloia
1328 2816 1361 2854 P
1384 2814 1400 2869 ΙΙ
1423 2817 1511 2857 808
1543 2812 1806 2856 monstrare

119 2873 154 2913 1·
174 2870 192 2928 11
215 2875 299 2916 811
332 2884 413 2916 sue
445 2876 478 2914 P
500 2874 516 2929 ΙΙ
540 2876 625 2917 813
660 2870 700 2915 si
732 2870 947 2928 grandib.
980 2876 1013 2915 P
1037 2886 1112 2929 pr.
1139 2886 1195 2917 m.
1230 2869 1298 2914 sic
1330 2872 1391 2916 al.
1424 2886 1480 2917 m.
1514 2884 1744 2929 suprascr.

75 2971 95 3094 ἐ
