1988 3106
664 168 976 215 SILUARUM
1006 168 1056 214 L.
1087 169 1122 226 1,
1154 172 1196 214 o.
1743 170 1815 224 33

310 289 530 345 Plebem
567 289 826 359 grandine
866 289 1103 342 concutit
1142 305 1345 343 serena.

312 363 490 418 Ducat
525 362 712 416 nubila
749 361 954 431 Iupiter
991 380 1086 431 per
1124 362 1308 415 orbem
1761 378 1815 417 25

309 435 386 491 Et
421 436 548 490 latis
586 435 797 505 pluuias
836 435 1069 488 minetur
1106 435 1272 505 agris,

311 509 454 564 Dum
490 509 667 563 nostri
702 507 850 562 Iouis
889 508 946 561 hi
985 509 1228 561 ferantur
1263 508 1479 563 imbres.

313 583 453 637 Ecce
493 585 672 636 autem
710 599 901 635 caueas
940 582 1088 635 subit
1126 600 1222 651 per
1259 582 1434 636 omnis

312 655 548 727 Insignis
589 655 761 725 specie
800 664 850 708 et
887 655 1080 708 decora
1119 655 1266 708 cultu

310 729 501 783 Plebes
540 729 731 798 altera,
757 746 878 782 -non
918 729 1094 782 minor
1132 728 1362 782 sedente.
1762 744 1819 783 80

311 802 388 857 Hi
425 803 648 872 panaria
685 802 1040 871 candidasque
1079 819 1303 871 mappas

314 875 644 930 Subuectant
682 876 968 946 epulasque
1009 875 1289 943 lautiores3

310 948 398 1003 Illi
435 949 672 1003 marcida
707 950 836 1002 uina
873 949 1199 1018 largiuntur:

311 1021 500 1077 Idaeos
537 1022 762 1076 totidem
800 1024 955 1091 putes
995 1022 1291 1075 ministros.

313 1096 534 1165 Orbem,
571 1114 676 1166 qua
713 1096 902 1149 melior
939 1096 1279 1166 seueriorque
1317 1098 1422 1163 est,
1764 1109 1820 1150 35

312 1169 388 1223 Et
426 1171 613 1239 gentes
652 1169 752 1222 alis
791 1169 1011 1222 insimul
1047 1172 1290 1239 togatas3

314 1242 388 1295 Et
425 1244 545 1295 cu'm
581 1244 666 1295 tot
702 1243 930 1311 populos
969 1243 1127 1295 beata
1165 1260 1376 1311 pascas,

315 1315 499 1383 Hunc,
537 1314 795 1384 Annona,
836 1315 975 1368 diem
1014 1316 1247 1384 superba
1284 1316 1474 1369 nescis·

314 1388 342 1442 I
379 1406 521 1442 nunc
561 1389 771 1442 saecula
810 1406 1082 1457 compara,
1122 1387 1400 1458 Uetustas,

316 1462 543 1531 Antiqui
580 1461 726 1515 Iouis
766 1480 1089 1531 aureumque
1128 1466 1364 1530 tempus:
1767 1476 1824 1516 40

319 1534 446 1589 Non
485 1535 560 1588 sic
598 1535 767 1588 libera
804 1535 934 1588 uina
971 1539 1099 1588 tunc
1136 1535 1375 1588 fluebant

315 1608 430 1662 Nec
466 1608 678 1662 tardum
717 1626 870 1679 seges
909 1609 1206 1677 occupabat
1243 1626 1453 1663 aruum.

317 1681 442 1735 Una
477 1682 745 1735 uescimur
784 1682 959 1735 omnis
1000 1682 1140 1735 ord&
1169 1700 1374 1749 mensa,

319 1754 438 1808 Mas
479 1758 534 1808 et
569 1755 788 1824 femina,
825 1756 978 1824 plebs
1018 1773 1178 1824 eques
1218 1759 1458 1808 senatus:

317 1828 560 1882 Libertas
597 1829 954 1881 reuerentiam
992 1829 1215 1881 remisit.
1768 1842 1825 1882 45

319 1902 392 1955 Et
427 1905 490 1954 tu
528 1902 657 1971 quin
694 1902 858 1954 etiam
899 1901 1044 1971 (quis
1083 1901 1184 1955 hoc
1222 1919 1435 1972 rogare,

321 1974 452 2037 Quis
489 1975 802 2044 promittere
840 1975 1014 2044 possit
1050 1975 1153 2028 hoc
1191 1975 1472 2046 deorumP)

321 2048 615 2102 Nobiscum
655 2049 828 2101 socias
867 2049 1031 2118 dapes
1070 2049 1238 2101 inisti.
1443 2047 1448 2052 ’

320 2121 436 2174 Iam
475 2139 546 2189 se,
584 2123 825 2190 quisquis
865 2122 911 2174 is
952 2125 1034 2174 est
1071 2122 1245 2190 inops,
1283 2121 1471 2174 beatus

323 2193 619 2248 Conuiuam
657 2194 804 2246 ducis
845 2212 960 2246 esse
999 2195 1275 2264 gloriatur.
1771 2208 1828 2248 50

322 2266 439 2321 Hos
476 2268 619 2320 inter
655 2267 899 2320 fremitus
938 2285 1214 2336 nouosque
1250 2268 1405 2321 luxus

326 2339 615 2410 Spectandi
652 2341 786 2393 leuis
825 2341 978 2393 affuit
1015 2342 1289 2410 uoluptas:

323 2413 427 2466 Hic
465 2432 622 2468 sexus
659 2414 806 2467 rudis
847 2415 1151 2484 insciusque
1188 2415 1317 2467 ferri

179 2577 236 2617 24
267 2586 475 2617 serenam
506 2577 535 2614 0
559 2587 599 2628 a,
631 2586 747 2617 corr.
770 2573 991 2617 Heinsius
1013 2574 1029 2629 ΙΙ
1052 2578 1108 2617 26
1139 2573 1278 2617 laetis
1311 2573 1535 2616 Morellus
1557 2574 1572 2625 ΙΙ
1597 2577 1651 2615 29
1677 2572 1829 2628 specie

0 2643 15 2671 τ-
66 2633 113 2676 et
141 2632 328 2688 scripsi:
361 2629 513 2687 specie
545 2634 583 2673 A
614 2631 787 2688 species
821 2633 966 2687 01136
999 2632 1195 2675 insemel
1225 2635 1262 2673 A
1286 2636 1327 2686 c,
1361 2644 1474 2675 corr.
1510 2636 1538 2674 ς
1563 2633 1579 2686 ΙΙ
1602 2635 1658 2675 38
1681 2631 1832 2676 nescit

3 2699 22 2726 r‘
122 2705 164 2745 a,
195 2703 306 2734 corr.
340 2690 483 2734 Dom.
509 2690 524 2745 ΙΙ
555 2695 610 2734 42
643 2703 805 2734 aruum
836 2691 1001 2745 scripsi
1010 2707 1023 2732 .-
1062 2704 1233 2734 annum
1264 2694 1293 2731 c
1325 2705 1352 2732 a
1373 2691 1389 2746 ΙΙ
1420 2694 1475 2733 43
1508 2690 1739 2733 uescimur
1769 2693 1831 2734 A:

5 2753 16 2787 ἑ
64 2748 264 2793 uescitur
293 2753 322 2791 c
352 2751 367 2804 u
397 2753 456 2804 44
487 2749 597 2794 Mas,
617 2748 666 2792 et
693 2750 879 2804 scripsi:
909 2748 1050 2792 Parui
1082 2753 1110 2791 c
1142 2764 1170 2791 a
1199 2750 1215 2806 u
1246 2753 1302 2792 46
1334 2749 1422 2792 hoc
1452 2762 1618 2804 rogare
1652 2752 1702 2792 ςε
1743 2748 1830 2792 hoc

0 2819 23 2848 m
62 2820 231 2851 uocare
263 2811 292 2849 c
322 2809 465 2864 a1152
499 2806 632 2851 affuit
660 2808 825 2863 scripsi
855 2807 883 2852 l.
916 2808 944 2852 l.
971 2821 1020 2864 p.
1053 2811 1171 2853 254:
1202 2807 1367 2864 effugit
1397 2811 1426 2848 c
1458 2822 1485 2849 a
1507 2808 1522 2863 ΙΙ
1555 2812 1608 2851 53
1641 2807 1730 2852 Hic
1758 2809 1832 2853 uel

2 2867 14 2906 J.
65 2864 163 2910 Hac
192 2866 355 2921 scripsi
385 2867 414 2909 l.
447 2867 501 2910 Z„-
534 2865 638 2910 Stat
669 2870 698 2908 0
728 2881 757 2911 a
830 2912 833 2916 ,

153 2946 292 2980 Sanun
324 2946 487 2981 Suara.
1450 2944 1476 2982 3

71 3033 100 3106 ἰ
