1976 3094
201 164 309 218 220
781 166 831 211 P.
865 166 1093 211 PAPINII
1123 166 1320 211 STATII

199 285 301 339 Ille
340 286 477 340 mihi
516 286 655 340 Delo
699 286 994 358 Cirrhaque
1031 289 1309 357 potentior
1347 289 1520 359 omni,

202 360 317 424 Quo
357 361 491 430 ruiS,
530 361 623 415 ille
664 361 846 431 adytis
889 362 1078 415 melior
1115 361 1299 415 locus?
1376 362 1527 417 Haec
1566 363 1661 416 ubi
1701 363 1866 433 dicta,

199 434 494 504 Nigrantes
533 437 682 488 terra
720 434 949 504 pecudes
990 436 1324 506 obscuraque
1365 437 1564 508 mergit

198 509 485 577 Armenta,
525 526 587 561 ac
626 509 764 562 vivis
804 510 1049 563 cumulos
1087 510 1344 564 undantis
1383 510 1617 565 harenae
1802 523 1887 565 340

198 583 447 652 Aggerat
485 585 540 635 et
577 583 692 636 vati
731 584 924 636 mortis
959 584 1248 637 simulacra
1285 585 1544 654 rependit.

272 656 427 709 Talia
468 657 610 726 apud
650 655 841 710 Graios
850 699 864 726 ,
905 676 1026 710 cum
1064 658 1176 711 iam
1214 657 1486 712 Mavortia
1525 662 1714 713 contra

199 727 437 799 Cornua,
476 731 587 782 iam
628 749 816 784 saevos
854 731 1042 801 fragor
1082 750 1269 785 aereus
1311 733 1511 786 excitat
1550 751 1719 788 enses,

200 803 368 856 Addit
408 805 604 857 acerba
644 823 837 858 sonum
878 806 1128 859 Teumesi
1169 824 1196 859 e
1236 807 1438 860 vertice
1478 808 1678 860 crinem

196 876 473 931 Incutiens
515 879 767 948 acuitque
806 880 965 933 tubas
1006 883 1061 933 et
1101 881 1261 934 sibila
1299 881 1492 934 miscet
1804 893 1889 934 345

198 951 517 1020 Tisiphone:
559 956 744 1023 stupet
781 953 1005 1007 insolito
1047 955 1302 1025 clangore
1342 953 1640 1009 Cithaeron

195 1024 468 1079 Marcidus
510 1030 564 1079 et
602 1030 780 1080 turres
822 1045 1038 1081 carmen
1075 1047 1188 1081 non
1227 1029 1338 1082 tale
1378 1033 1608 1083 secutae.

195 1098 315 1152 Iam
353 1101 593 1170 trepidas
634 1099 864 1155 Bellona
901 1101 1045 1155 fores
1087 1106 1400 1173 armataque
1437 1104 1622 1172 pulsat

196 1173 438 1244 Limina,
476 1175 587 1227 iam
628 1175 800 1228 multo
842 1177 1096 1229 laxantur
1136 1177 1351 1230 cardine
1390 1177 1623 1231 Thebae.
1934 1197 1949 1245 ς

197 1246 410 1301 Turbat
435 1266 596 1317 eques
620 1249 846 1318 pedites,
869 1268 1055 1304 currus
1079 1252 1496 1321 properantibus
1526 1252 1762 1321 obstant,
1802 1264 1888 1305 350
1932 1250 1953 1317 ἶῖ

198 1319 309 1375 Ceu
348 1320 528 1375 Danai
564 1326 694 1392 post
732 1326 887 1394 terga
923 1328 1196 1394 premant:
1238 1326 1317 1378 sic
1357 1326 1604 1379 omnibus
1645 1326 1763 1378 alae
1938 1330 1954 1348 ’·

198 1396 468 1449 Artantur
504 1397 679 1466 portis
721 1401 1032 1468 septemque
1074 1400 1385 1453 excursibus
1424 1399 1666 1453 haerent.

198 1468 432 1540 Ogygiis
471 1471 518 1524 it
552 1474 696 1524 sorte
737 1469 934 1542 Creon,
973 1472 1236 1527 Eteoclea
1274 1474 1504 1527 mittunt

195 1542 448 1614 Neistae,
489 1546 659 1598 celsas
698 1545 1059 1600 Homoloidas
1100 1550 1328 1618 occupat
1364 1548 1637 1618 Haemon,

194 1616 419 1687 Hypsea
456 1618 739 1672 Proetides
781 1624 835 1673 et
874 1621 1075 1673 celsum
1113 1621 1299 1675 fudere
1338 1621 1588 1691 Dryanta
1802 1633 1886 1674 355

194 1690 467 1763 Electrae,
507 1692 685 1762 quatit
723 1692 1016 1763 Hypsistas
1057 1713 1248 1747 manus
1286 1695 1733 1765 EurymedontiS,

197 1763 448 1819 Culmina
486 1768 866 1837 magnanimus
907 1768 1078 1839 stipat
1114 1767 1344 1822 Dircaea
1381 1769 1716 1824 Menoeceus

199 1838 390 1902 Qualis
429 1841 524 1893 ubi
564 1841 744 1894 aversi
784 1845 1022 1896 secretus
1061 1843 1264 1913 pabula
1303 1845 1437 1898 caeli

194 1911 356 1966 Nilus
398 1917 452 1966 et
490 1914 637 1967 ans
678 1932 877 1986 magno
919 1916 1062 1969 bibit
1101 1935 1193 1970 ore
1231 1918 1480 1987 pruinas,
1946 1925 1966 1974 ἐξ

198 1985 410 2040 Scindit
446 1988 617 2042 fontis
658 2007 788 2058 opes
830 1993 1142 2060 septemque
1181 1992 1496 2060 patentibus
1536 1991 1678 2044 arvis
1800 2003 1886 2045 360
1953 1986 1965 2051 ἶ

315 2095 402 2135 338
433 2089 565 2134 lacus
593 2086 875 2147 Gronovius,
909 2092 967 2147 cf.
998 2106 1038 2136 v.
1071 2095 1165 2138 148
1187 2094 1204 2150 fl
1227 2097 1313 2137 339
1343 2094 1498 2138 terrae
1521 2095 1604 2136 PE
1626 2092 1737 2138 Beh.
1762 2094 1778 2150 u
1801 2095 1887 2136 344

195 2161 223 2192 a
252 2147 431 2193 vertice
461 2153 494 2191 1²
525 2163 607 2195 sec.
639 2164 695 2194 m.
722 2151 736 2207 ΙΙ
761 2154 846 2195 353
871 2165 962 2209 sqq.
991 2152 1050 2207 cf.
1075 2151 1233 2197 Aesch.
1258 2151 1378 2210 Sept.
1405 2156 1497 2198 360
1519 2167 1609 2210 sqq.
1627 2152 1689 2196 K.
1714 2153 1884 2208 Eurip.

195 2208 365 2255 Phoen.
405 2213 530 2254 1090
552 2222 641 2266 sqq.
686 2210 895 2255 Pausan.
927 2211 1014 2254 IX
1043 2215 1087 2267 8,
1119 2215 1149 2255 4
1171 2225 1261 2268 sqq.
1295 2217 1378 2267 18,
1416 2217 1444 2257 1
1476 2212 1710 2257 Bursiani
1738 2224 1882 2269 yeoyr.

191 2280 337 2324 yraec.
375 2268 413 2311 I
426 2281 478 2325 p.
511 2272 609 2315 226
632 2283 695 2327 sq.
720 2272 736 2327 ΙΙ
759 2274 847 2315 354
877 2270 1071 2315 Neistae
1100 2274 1214 2314 PBs
1245 2271 1358 2317 Beh.
1391 2276 1419 2316 1
1449 2273 1642 2328 neystae
1675 2286 1698 2314 ο
1735 2269 1886 2314 neiste

193 2359 312 2410 GHp
359 2370 420 2401 ne
458 2356 581 2402 istae
622 2363 654 2400 Τ
698 2357 869 2403 Neitae
916 2360 1014 2405 edd.
1051 2360 1058 2416 Ι
1091 2359 1384 2405 homoloidas
1416 2365 1492 2404 PB
1523 2346 1824 2425 h8moloidas·
1858 2362 1884 2401 8

193 2414 452 2460 emoloidas
492 2421 605 2470 αρτ
642 2417 754 2462 Beh.
791 2417 861 2472 Of.
904 2418 1017 2462 VII
1052 2422 1150 2465 252
1179 2423 1186 2474 l
1213 2420 1412 2465 occubat
1440 2424 1474 2462 1³
1505 2422 1520 2477 ΙΙ
1551 2425 1638 2465 355
1675 2419 1883 2476 proet1ae

190 2479 294 2518 Psc
324 2475 435 2520 Beh.
469 2480 495 2519 1
535 2475 758 2532 procidae
789 2481 823 2519 B
855 2478 1036 2533 pretide
1060 2494 1086 2532 p
1118 2478 1364 2536 propethie
1394 2480 1503 2526 Beh.
1536 2483 1569 2526 2
1606 2476 1820 2536 propetie
1850 2480 1882 2518 'r
1973 2487 1976 2532 1

190 2533 410 2590 prohecie
449 2539 491 2577 11
536 2548 620 2591 pro
669 2535 782 2591 tyde
830 2540 866 2578 G
921 2537 1196 2583 Proetiades
1242 2538 1301 2583 R.
1350 2538 1553 2597 Unyerus
1605 2535 1880 2582 Proetiadae
1972 2534 1976 2652 Ι

190 2594 500 2640 Baehrensius
523 2593 766 2639 Proetides
792 2596 841 2639 et
856 2596 1207 2643 Lachmannum
1223 2602 1402 2644 secutus
1417 2600 1583 2656 scripsi
1598 2599 1695 2643 coll.
1713 2596 1879 2651 Eurip.
1974 2655 1976 2660 Ι

191 2654 360 2699 Phoen.
392 2658 513 2699 1109
546 2654 704 2699 Aesch.
738 2654 861 2711 Sept.
894 2659 987 2701 360
1010 2658 1026 2713 u
1049 2661 1135 2701 358
1169 2656 1329 2710 Qualis
1359 2656 1411 2702 in
1442 2658 1597 2702 aversi
1627 2661 1660 2699 P
1688 2655 1771 2700 ubi
1802 2651 1881 2697 ad—

191 2713 313 2758 versi
344 2717 377 2756 B
413 2713 461 2769 (d
491 2714 544 2760 in
574 2714 688 2771 ras.)
722 2718 804 2757 ΒΗ
835 2714 918 2758 ubi
949 2716 1101 2760 aversi
1132 2717 1229 2761 edd.
1255 2722 1356 2763 vett.
1380 2719 1396 2775 fl
1420 2722 1506 2762 360
1536 2715 1792 2761 latentibus
1815 2711 1874 2770 ΡΙ

192 2772 316 2817 aruis
347 2775 496 2828 PBSp
529 2773 650 2819 alvis
675 2776 711 2815 G
744 2774 898 2820 Palat.
937 2773 1127 2820 Gruter-i
1159 2775 1305 2820 alveis
1329 2783 1367 2822 R
1401 2776 1598 2822 Gronov.
1633 2773 1756 2820 arvis
1786 2784 1880 2817 »non

190 2836 348 2878 temere
385 2834 439 2877 in
478 2832 625 2878 alveis
664 2835 936 2879 mutandum
976 2848 1063 2879 esse
1101 2839 1249 2880 monet
1279 2835 1504 2882 Heinsius
1542 2836 1604 2880 ad
1637 2832 1881 2879 Claudiam.

187 2891 316 2949 idyzz.
352 2896 396 2946 6,
430 2896 499 2935 11.

1957 1899 1968 1905 .·
1943 1766 1969 1874 -εν-εεὲθ
1966 1730 1968 1733 .
