1988 3106
54 0 132 247 F
707 176 1020 224 summum
1049 176 1099 223 L.
1132 175 1188 233 V,
1219 181 1261 222 a.
1762 175 1862 227 141

7 314 10 321 ’
54 261 82 375 l:
99 293 188 356 'l'u
226 298 382 369 deris,
419 297 676 368 Crispine,
714 298 860 366 mihi,
900 313 1199 367 cuneosque
1237 313 1333 365 per
1371 313 1557 349 omnes

56 376 67 390 ²
89 356 186 428 §Te
223 390 371 426 meus
412 372 690 426 absentem
723 371 1190 441 circumspectabit
1226 369 1479 423 Achilles.

11 466 13 472 ·
78 419 107 503 l
146 445 210 500 ed
248 445 432 499 uenies
470 445 660 499 melior
699 443 909 515 (uatum
947 461 1058 497 non
1097 444 1249 496 irrita
1287 446 1505 496 currunt

8 531 10 539 “
98 517 348 590 nmina);
379 519 572 590 quique
605 517 810 588 aquilas
843 517 943 571 tibi
975 535 1119 571 nunc
1150 520 1205 569 et
1233 519 1409 570 castra
1440 515 1679 585 recludit,
1786 529 1869 570 165

45 599 114 637 Δ
145 609 253 646 ·em
291 610 477 646 omnes
515 591 746 662 perferre
785 591 982 661 gradus
1022 591 1269 660 cingique
1309 589 1552 658 superbis

85 674 113 729 1.)
151 666 363 720 ascibus
403 669 458 720 et
494 665 698 736 patrias
738 665 889 718 dabit
926 664 1187 717 insedisse
1226 663 1449 716 curules.

63 738 211 810 ”fed
248 740 366 810 quis
406 739 474 793 ab
514 738 738 792 excelsis
777 737 1040 791 Troianae
1080 736 1304 790 collibus
1346 736 1532 804 Albae,

45 796 261 871 -·⁵⁸nde
299 830 424 867 suae
462 813 614 867 iuxta
650 814 959 882 prospectat
996 811 1210 864 moenia
1248 809 1450 863 Romae

76 886 383 941 'Proximus
421 886 513 940 ille
544 886 695 954 deus,
733 885 878 938 fama
915 884 1151 938 uelocior
1188 883 1358 936 intrat
1788 895 1871 935 170

161 961 339 1014 untius
380 962 540 1030 atque
567 962 690 1013 tuos
722 958 926 1028 implet,
956 957 1217 1026 Crispine,
1247 955 1506 1027 penates?

69 1037 75 1087 f
101 1033 364 1088 *vicebam
401 1036 568 1088 certe:
604 1035 791 1086 uatum
830 1049 941 1085 non
979 1031 1132 1084 irrita
1167 1033 1389 1083 currunt

106 1106 363 1178 Auguria.
439 1107 527 1160 en!
567 1106 755 1175 ingens
795 1108 999 1159 reserat
1034 1104 1137 1157 tibi
1175 1104 1338 1157 limen
1374 1102 1643 1157 honorum

100 1190 108 1209 ⁷
154 1198 306 1235 aesar
344 1183 399 1234 et
435 1180 666 1241 Ausonii
705 1179 996 1233 committit
1034 1177 1218 1231 munia
1254 1177 1399 1230 ferri.

94 1252 271 1324 Uade,
308 1272 456 1324 puer,
492 1254 764 1323 tantisque
804 1252 989 1305 enixus
1029 1250 1215 1305 suffice
1254 1250 1431 1319 donis,
1791 1263 1873 1303 175

68 1395 70 1400 7
153 1328 271 1398 elix,
309 1329 400 1399 qui
437 1343 636 1397 magno
675 1327 783 1379 iam
822 1343 966 1378 nunc
1005 1324 1105 1377 sub
1145 1323 1389 1393 praeside
1426 1324 1571 1377 iuras

91 1440 101 1450 -.
153 1402 310 1472 uique
349 1417 500 1455 sacer
537 1401 767 1469 primum
805 1398 973 1452 tradit
1010 1397 1359 1451 Germanicus
1400 1398 1605 1450 ensem!

53 1508 77 1547 ·;
99 1472 236 1530 ¹&Non
274 1475 452 1528 minus
490 1473 607 1541 hoc,
644 1472 776 1526 forti
816 1490 977 1542 quam
1017 1472 1062 1524 si
1101 1472 1202 1523 tibi
1240 1470 1500 1539 panderet
1537 1471 1652 1539 ipse

88 1545 438 1618 ,Bellipotens
478 1547 682 1617 aquilas
721 1549 981 1615 toruaque
1019 1544 1293 1598 induceret
1330 1561 1424 1597 ora

88 1619 343 1695 {Casside
386 1635 394 1674 ’.
417 1621 554 1674 uade
594 1621 768 1673 alacer
797 1619 1106 1688 maioraque
1144 1617 1289 1670 disce
1321 1618 1534 1672 mereri!
1792 1630 1875 1670 180

93 1705 99 1724 1

95 1807 110 1814 “
947 1808 1042 1862 ΙΙΙ.

521 1923 849 1970 EPIGEmoN
886 1923 951 1968 m
990 1923 1240 1992 PATREM}
1280 1922 1461 1967 SUUM.

77 2030 234 2103 'NIpse
272 2030 441 2085 malas
480 2031 620 2083 uires
660 2033 715 2082 et
750 2029 1097 2083 lamentabile
1137 2046 1353 2081 carmen

83 2103 302 2175 jss'Elysio
341 2104 406 2157 de
443 2103 591 2157 fonte
629 2102 765 2155 mihi
803 2102 1122 2171 pulsumque
1162 2101 1413 2154 sinistrae

91 2207 95 2231 ;
114 2175 212 2247 Da,
250 2177 462 2248 genitor
499 2175 764 2245 perdocte,
802 2176 966 2244 lyrae.
1040 2172 1213 2243 neque
1251 2175 1395 2227 enim
1434 2177 1592 2226 antra
1630 2191 1847 2227 mouere

75 2249 267 2315 &Delia
296 2268 394 2304 nec
433 2250 647 2303 solitam
684 2249 769 2302 fas
810 2251 892 2301 est
928 2247 1203 2316 impellere
1243 2245 1508 2315 Cyrrham

72 2329 98 2379 ἔ
117 2323 191 2378 Te
229 2325 357 2378 sine.
433 2321 658 2391 Corycia
697 2321 948 2391 quicquid
986 2321 1145 2374 modo
1183 2320 1433 2373 Phoebus
1472 2320 1531 2372 in
1569 2320 1773 2386 umbra,
1850 2333 1876 2374 5

93 2396 376 2468 ‘Quicquid
406 2397 474 2450 ab
513 2395 754 2449 Ismariis
793 2395 1135 2448 monstrabat
1172 2394 1397 2446 collibus
1437 2392 1649 2460 Euhan,

235 2588 324 2630 162
363 2582 514 2628 deeris
552 2587 591 2626 A
629 2587 658 2625 c
695 2584 712 2640 ΙΙ
750 2587 836 2628 166
875 2590 1050 2640 perque
1086 2582 1154 2627 ire
1185 2582 1356 2639 gradus
1385 2582 1633 2634 Heinsius;
1669 2581 1774 2634 fort.
1806 2595 1878 2624 su·

91 2655 278 2746 {gn}
318 2644 325 2699 Ι
367 2642 686 2745 οἰυῆἱξὲθῠέἇ
717 2641 956 2745 οἱὲιξὶῐῦῃιὲ
995 2642 1087 2741 σου
1134 2646 1217 2685 168
1259 2640 1309 2742 {i
1333 2641 1449 2741 ¹:quis
1481 2644 1510 2681 G
1542 2640 1648 2740 a-'f
1663 2644 1748 2741 lg)
1780 2639 1879 2739 {eis

44 2726 48 2741 ι
118 2758 255 2804 sorh's
270 2702 493 2804 “anslius
515 2760 604 2803 hoc
625 2713 776 2815 festis,
798 2715 938 2816 'quanli
957 2701 1128 2803 firmil.
1145 2705 1604 2814 ᾓτῗὸοοὸὲεέἰᾝρὲέε
1636 2711 1826 2801 (gasssida
1850 2713 1880 2798 ἓ

95 2879 98 2883 .
177 2831 181 2834 ’
235 2817 312 2864 ΠΙ.
366 2824 393 2862 3
423 2817 642 2884 predocte
675 2821 703 2858 c
735 2832 775 2871 a,
812 2830 926 2861 corr.
959 2821 988 2861 ς
1022 2852 1032 2861 .
1064 2817 1300 2873 praeclare
1333 2816 1507 2861 Markl.
1535 2816 1542 2870 Ι
1569 2815 1746 2860 moueri
1777 2820 1806 2857 c
1837 2830 1878 2870 a,

121 2887 232 2922 corr.
266 2880 295 2921 ς
318 2877 335 2933 ΙΙ
357 2880 383 2920 5
415 2876 482 2921 Te
514 2890 612 2920 sine
645 2879 694 2919 0:
726 2875 896 2920 Desine
929 2879 958 2919 ς
991 2890 1019 2917 a
