1956 3086
604 148 889 195 EDITORIS
920 148 1283 195 PRAEFATIO.
1776 168 1823 196 ix

60 268 292 322 secunda
328 267 416 323 hic
453 267 563 321 illic
602 267 716 322 siue
761 268 818 321 in
855 271 1007 322 textu
1046 268 1158 322 siue
1210 269 1266 323 in
1310 269 1552 340 margine
1589 270 1826 324 restituit

59 341 314 396 lectiones
361 340 574 396 aliunde
619 341 839 411 petitas,
886 342 1078 411 quibus
1117 341 1249 395 mire
1288 359 1408 395 cum
1447 342 1825 413 Rehdigerano

59 414 326 469 conuenit.
393 432 513 469 cum
551 413 785 468 Budensi
835 415 1030 468 artiore
1069 415 1408 486 cognationis
1447 417 1662 470 uinculo
1701 434 1823 470 con·

59 486 228 542 iuncti
267 490 393 542 sunt
429 491 484 542 et
520 486 924 556 Salisburyensis
961 486 1040 558 (et
1077 488 1164 542 hic
1201 506 1344 542 nunc
1375 487 1825 558 UindobonensiS,

57 578 138 616 nr.
169 561 273 616 251
315 558 495 633 Endl.)
533 564 588 614 et
628 561 851 616 Urbinas
883 562 1006 630 649,
1045 562 1135 615 sed
1173 564 1236 615 ut
1272 561 1506 616 Budensi
1544 562 1704 633 longe
1743 580 1825 616 ce·

58 634 203 690 dant.
289 634 346 688 hi
401 637 579 688 autem
631 634 734 688 duo
786 634 938 704 libri,
986 634 1395 705 Rehdigeranus
1445 639 1498 689 et
1547 635 1826 705 Budensis,

57 708 301 778 quamuis
341 707 618 777 deprauati
649 708 1060 778 interpolatique
1092 709 1202 761 sint
1232 712 1287 762 et
1317 709 1438 778 ipsi,
1471 712 1654 762 tamen
1687 710 1827 763 inter

58 784 261 836 ceteros
294 779 453 835 Statii
484 780 690 835 codices
723 782 916 835 summi
949 784 1076 835 sunt
1106 782 1279 851 pretii.
1331 782 1658 852 reliquorum
1683 783 1826 836 enim

55 855 229 924 turba,
267 872 590 926 quamquam
630 873 662 908 a
698 858 888 908 neutro
920 855 1137 908 illorum
1170 854 1418 924 pendent,
1457 857 1630 926 magis
1662 857 1825 909 etiam

55 927 255 982 infecta
300 930 382 982 est
430 928 771 997 corruptione
818 929 1118 997 omnigena.
1193 930 1334 981 inter
1382 948 1517 997 quos
1565 928 1827 983 referendi

66 1000 308 1057 Uaticani
345 1001 505 1070 3282,
544 1001 705 1071 3283,
744 1002 910 1069 3875;
955 1001 1257 1070 Reyinensis
1301 1002 1465 1072 19763
1516 1002 1825 1058 Ualeioellia-

53 1091 154 1129 nus
193 1072 253 1145 O,
291 1075 384 1145 953
425 1075 804 1143 Neapolitanus
842 1074 923 1128 III
961 1074 1008 1128 E
1048 1076 1134 1129 48.
1213 1074 1440 1146 denique
1478 1079 1603 1144 post
1640 1077 1825 1130 inuen-

54 1151 168 1202 tam
208 1150 378 1202 artem
422 1148 871 1219 typographicam
919 1149 1119 1202 exarati
1166 1153 1291 1201 sunt
1332 1149 1594 1203 Leidensis
1632 1154 1686 1202 et
1723 1149 1826 1203 Pa-

53 1222 251 1276 risimus
295 1221 490 1291 aliique
534 1222 780 1276 nonnulli
828 1239 859 1274 a
908 1221 1174 1290 prioribus
1222 1222 1421 1275 criticis
1467 1223 1722 1287 adhibiti,
1767 1228 1824 1277 ut

55 1294 307 1364 Senensis,
345 1294 735 1363 Capilupianus,
780 1293 1142 1358 Florentinus,·
1194 1296 1285 1364 qui
1325 1314 1510 1349 omnes
1549 1297 1827 1350 doctorum

53 1367 317 1423 Italorum
355 1369 671 1422 coniecturis
702 1370 911 1422 scatent
946 1386 1118 1437 neque
1157 1369 1432 1437 proprium
1471 1369 1674 1422 habent
1710 1387 1827 1439 pre-

53 1442 190 1495 tium
219 1441 403 1495 ullum.
461 1459 588 1495 nam
620 1443 674 1495 et
711 1458 803 1494 eae
843 1458 974 1510 quas
1012 1442 1069 1494 in
1099 1441 1404 1495 Parisinum
1435 1461 1626 1496 manus
1658 1443 1828 1496 altera

53 1515 238 1568 intulit
282 1515 537 1569 lectiones
583 1532 692 1568 non
739 1532 803 1568 ex
848 1517 1060 1568 uetusto
1109 1515 1341 1585 quodam
1389 1516 1549 1584 libro,
1597 1520 1659 1569 ut
1695 1534 1825 1570 non-

53 1588 196 1641 nulli
225 1587 506 1658 putabant‚
536 1588 739 1657 petitae
771 1591 909 1656 sunt,
949 1589 1039 1641 sed
1071 1589 1268 1657 partim
1302 1607 1365 1641 ex
1397 1589 1575 1642 codice
1609 1590 1827 1644 meliore

53 1659 415 1732 Rehdigerani
454 1661 614 1715 simili
659 1661 857 1730 partim
898 1679 961 1714 ex
1009 1661 1152 1715 docti
1191 1662 1466 1715 cuiusdam
1504 1681 1616 1715 non
1655 1664 1827 1733 inepti

55 1734 374 1788 coniecturis
405 1734 685 1788 fluxerunt.
709 1764 780 1772 —
811 1735 1164 1804 plurimorum
1197 1735 1454 1789 librorum
1495 1754 1657 1805 supra
1688 1755 1826 1790 com-

53 1810 471 1861 memoratorum
502 1808 815 1862 collationes
846 1808 1205 1876 inspiciendas
1243 1808 1627 1862 humanissime
1667 1810 1826 1863 nobis

55 1881 318 1935 concessit
361 1879 426 1934 A.
462 1880 741 1949 Imhofius3
786 1880 1016 1934 Parisini
1077 1885 1131 1934 et
1175 1881 1522 1951 Neapolitani
1569 1883 1824 1936 lectiones

55 1954 416 2024 suppeditauit
446 1951 504 2008 O.
527 1954 779 2008 Bursiani
810 1954 1205 2023 beneuolentia3
1242 1956 1364 2008 libri
1387 1954 1653 2009 Budensis
1678 1958 1825 2010 locos

54 2028 342 2081 nonnullos
378 2027 735 2082 intercedente
765 2027 1046 2081 Theodoro
1085 2027 1402 2097 Gomperzio
1439 2029 1637 2083 iterum
1667 2030 1825 2083 nobis

0 2144 3 2154 .
54 2100 386 2170 comparauit
429 2100 669 2154 Isidorus
708 2101 1037 2171 HilbergiuS.
1074 2132 1147 2139 —
1185 2105 1421 2155 ceterum
1468 2102 1531 2155 cf.
1572 2103 1636 2155 de
1683 2103 1823 2156 codi-

0 2204 3 2258 3
54 2174 203 2299 cipus
255 2172 512 2300 &³¹⁵ssssss
570 2174 890 2299 dissereintes
939 2174 1003 2227 A.
1052 2173 1309 2300 lpihofius
1355 2176 1427 2300 gn
1483 2175 1686 2301 11ὴ6111ῗ
1733 2176 1823 2302 (ἐξ

54 2265 100 2300 s1
123 2265 313 2300 uarum
427 2265 457 2300 a
483 2265 586 2300 lan.
643 2265 743 2300 con
781 2265 951 2301 lclone
1001 2265 1076 2300 cr1
1104 2265 1184 2300 ica
1299 2290 1310 2300 .
1393 2260 1428 2302 o
1475 2266 1499 2300 s
1575 2291 1586 2301 .
1633 2267 1659 2301 e
1735 2249 1750 2272 ³
1811 2290 1824 2301 .

52 2319 262 2390 Papinii
309 2318 468 2374 Statii
515 2321 700 2391 ecloga
739 2320 807 2373 ad
856 2319 1105 2373 uxorem'
1144 2339 1195 2390 p.
1231 2266 1431 2391 lpsqq.,
1468 2267 1823 2392 fflqNohliuS,

53 2395 258 2462 quaest.
290 2391 423 2447 Stat.
460 2412 510 2463 p.
550 2394 782 2447 31—35.

201 2465 333 2519 Tres
381 2467 506 2520 illae
557 2467 798 2520 codicum
847 2467 1083 2521 familiae
1134 2466 1383 2539 (Rehdjg.
1432 2499 1506 2507 —
1555 2467 1821 2522 Budensis

53 2556 174 2592 cum
220 2539 439 2593 asseclis
480 2570 548 2578 —
588 2541 915 2610 reliquorum
961 2539 1143 2612 turba)
1191 2560 1299 2594 non
1346 2560 1445 2611 pro
1486 2561 1541 2595 se
1582 2560 1822 2612 quaeque

53 2629 116 2664 ex
165 2612 282 2680 ipso
330 2610 684 2682 Sangallensi,
735 2614 827 2666 sed
877 2632 939 2666 ex
988 2633 1095 2668 uno
1148 2615 1436 2684 eodemque
1485 2615 1643 2668 huius
1695 2634 1822 2684 apo-

53 2685 258 2754 grapho
297 2703 391 2754 per
421 2686 597 2739 uarios
638 2687 851 2756 gradUS‚
891 2706 1023 2756 quos
1060 2688 1147 2740 hic
1179 2706 1439 2756 exponere
1470 2689 1693 2759 longum
1726 2693 1822 2755 est,

50 2757 328 2811 fluxerunt.
410 2761 494 2811 tot
544 2760 686 2812 enim
735 2760 867 2813 locis
916 2762 1039 2813 illae
1094 2765 1281 2814 contra
1329 2759 1379 2813 A
1429 2763 1515 2814 uel
1560 2763 1691 2815 adeo
1742 2761 1823 2815 A*

53 2832 363 2899 conspirant
416 2833 475 2883 ut
525 2831 610 2884 hic
666 2851 958 2886 consensus
1011 2834 1265 2902 explicari
1314 2838 1547 2904 nequeat
1598 2835 1701 2888 nisi
1758 2854 1821 2888 ex
