2020 3106
252 140 323 193 12
826 142 875 186 Ρ.
908 141 1134 187 PAPJNII
1165 141 1360 187 STATII

252 262 410 325 Quod
450 262 496 315 si
535 263 714 330 prisca
752 263 909 316 luunt
949 266 1228 316 auctorum
1267 263 1493 316 crimina
1531 265 1719 332 gentes

249 334 616 405 subvenitque
653 336 762 389 tuis
803 355 922 390 sera
960 337 1094 391 haec
1133 337 1403 391 sententia
1440 337 1601 404 curiS‚

247 409 570 463 Percensere
609 411 728 463 aevi
769 412 998 464 senium:
1037 429 1141 480 quo
1180 414 1426 480 tempore
1464 410 1685 463 tandem

247 483 535 537 Terrarum
573 483 744 537 furias
784 485 1001 538 abolere
1042 488 1098 538 et
1138 486 1352 538 saecula
1387 487 1534 537 retro

190 601 206 608 i
247 556 552 610 Emendare
594 561 680 610 sat
717 556 836 612 est?
888 559 1206 612 Iamdudum
1247 559 1315 612 ab
1357 558 1572 611 sedibus
1611 557 1723 610 illis
1846 571 1936 612 270

250 630 453 701 Incipe,
495 632 788 702 fluctivaga
827 651 933 702 qua
970 633 1391 701 praeterlabitur
1428 631 1571 684 unda

252 703 491 758 Sicanios
532 706 694 775 longe
733 707 981 774 relegens
1020 706 1264 775 Alpheos
1306 723 1533 759 amores.

247 778 487 831 Arcades
526 779 615 832 hic
654 783 752 833 tua
793 778 916 851 (nec
954 780 1129 848 pudor
1168 778 1274 852 est)
1312 780 1537 833 delubra
1574 778 1802 831 nefastis

245 851 558 922 Imposuere
597 854 754 923 lociS‚
793 855 902 907 illic
944 853 1241 907 Mavortius
1265 854 1396 933 fixis
1971 895 1986 916 -4

248 924 507 980 Oenomai
550 926 842 997 Geticoque
880 945 1042 996 pecus
1081 928 1358 981 stabulare
1398 927 1497 980 sub
1538 925 1747 979 Haemo
1848 939 1936 980 275
1974 931 1994 986 ξς,

246 999 506 1070 Dignius,
545 1002 788 1071 abruptis
829 1003 1127 1055 etiamnum
1165 1002 1451 1054 inhumata
1489 1019 1776 1071 procorum
1972 993 1993 1050 5⁷

246 1073 512 1143 Reliquiis
552 1078 743 1128 trunca
782 1094 877 1128 ora
915 1077 1108 1145 rigent.
1183 1075 1389 1128 Tamen
1425 1075 1515 1127 hic
1553 1074 1656 1127 tibi
1693 1075 1884 1143 templi
1968 1103 1974 1106 -

245 1146 443 1201 Gratus
482 1148 678 1218 honOS,
717 1150 899 1219 placet
935 1149 1032 1203 Ida
1070 1167 1269 1203 nocens
1307 1149 1642 1218 mentitaque
1680 1166 1864 1201 manes

247 1220 408 1276 Creta
446 1226 586 1276 tuos.
662 1223 749 1276 Me
788 1223 1067 1277 Tantaleis
1108 1223 1401 1277 consistere
1439 1224 1624 1292 tectiS‚
1978 1294 1982 1295 ⁷

246 1295 394 1359 Quae
432 1297 655 1350 tandem
694 1297 899 1350 invidia
938 1297 1057 1350 est‘?
1110 1295 1254 1350 Belli
1286 1297 1507 1350 deflecte
1538 1297 1804 1349 tumultus
1846 1309 1932 1350 280
1990 1303 1991 1306 ’

244 1369 320 1423 Et
359 1371 571 1439 generis
611 1372 896 1424 miseresce
934 1372 1031 1424 tui.
1109 1370 1250 1425 Sunt
1287 1371 1458 1440 impia
1494 1371 1603 1424 late
1970 1391 1972 1393 ·

249 1444 440 1512 Regna
478 1445 602 1513 tibi,
644 1445 838 1498 melius
879 1462 1105 1516 generos
1153 1463 1382 1515 passura
1419 1443 1711 1498 nocentes?

319 1516 562 1571 Finierat
599 1519 848 1587 precibus
888 1519 1121 1573 miscens
1162 1519 1406 1573 convicia
1443 1518 1596 1572 Iun0.

246 1590 323 1646 At
361 1609 470 1644 non
509 1592 603 1644 ille
644 1594 825 1662 gravis
867 1593 1048 1662 dictis,
1089 1611 1419 1662 quamquam
1458 1609 1650 1660 aspera
1687 1594 1860 1657 motu,

244 1664 502 1718 Reddidit
523 1665 679 1718 haec:
713 1665 1007 1735 ‘Equidem
1038 1667 1185 1719 haud
1214 1667 1375 1719 rebar
1405 1669 1459 1718 te
1491 1669 1672 1739 mente
1706 1665 1938 1721 secunda

243 1738 521 1808 Laturam,
553 1739 927 1809 quodcumque
958 1743 1100 1809 tuoe,
1130 1740 1255 1793 licet
1287 1757 1506 1809 aequuS,
1538 1739 1597 1791 in
1628 1739 1807 1808 Argos
1848 1753 1935 1794 286

246 1811 618 1882 Oonsulerem,
657 1832 832 1883 neque
871 1831 980 1883 me,
1018 1814 1176 1866 detur
1214 1814 1261 1867 si
1301 1814 1480 1884 copia,
1519 1813 1664 1866 fallit

244 1885 421 1938 Multa
460 1905 620 1956 super
658 1887 858 1940 Thebis
897 1886 1172 1941 Bacchum
1213 1905 1572 1956 ausuramque
1611 1886 1826 1940 Dionen

245 1958 463 2029 Dicere,
503 1961 595 2014 sed
633 1962 807 2015 nostri
845 1961 1150 2015 reverentia
1187 1961 1439 2030 ponderis
1480 1961 1678 2014 obstat.

244 2033 561 2088 Horrendos
602 2035 802 2088 etenim
842 2035 1052 2105 laticeS‚
1091 2033 1281 2106 Stygia
1321 2053 1555 2104 aequora
1591 2034 1776 2088 fratris
1839 2048 1927 2089 290

245 2106 503 2161 Obtestor
545 2105 882 2179 (mansurum
923 2113 1083 2179 atque
1123 2109 1489 2163 inrevocabile
1528 2107 1800 2179 verbum),

1963 282 1983 469 ἓ

364 2256 451 2297 268
473 2268 570 2309 sqq.
595 2254 704 2309 ‘quo
729 2255 940 2311 tempore
957 2281 1004 2287 —
1025 2254 1273 2299 emendare
1297 2254 1443 2299 facta’
1470 2253 1759 2310 Eutyches
1779 2255 1852 2300 lib.
1873 2255 1943 2298 II

236 2325 288 2368 p.
321 2316 427 2366 473,
458 2318 520 2357 12
553 2327 650 2369 sqq.
681 2312 734 2355 K.

363 2448 448 2489 267
481 2444 610 2488 Haec
642 2459 746 2490 sera
779 2445 1087 2501 subvenitque
1117 2445 1213 2489 tuis
1244 2450 1310 2488 Br
1333 2446 1349 2502 ΙΙ
1373 2450 1458 2490 268
1492 2458 1521 2488 a
1547 2459 1638 2501 quo
1664 2446 1935 2504 Madviyius

243 2504 384 2558 atque
408 2503 497 2547 hoc
521 2505 732 2560 tempore
757 2504 1124 2550 Sandetroemius
1146 2507 1162 2560 ΙΙ
1185 2509 1271 2549 270
1295 2503 1556 2548 Emendare
1580 2505 1709 2550 facta
1732 2506 1929 2564 Eutych.

243 2563 317 2606 sat
348 2563 440 2606 est:
472 2563 745 2606 iamdudum
776 2564 993 2608 distinxit
1015 2563 1384 2608 Sandstroemius
1405 2565 1422 2620 ΙΙ
1445 2568 1530 2608 279
1562 2562 1722 2620 regnis
1744 2564 1928 2622 Anqlic.

240 2621 378 2665 terris
401 2621 514 2665 Beh.
547 2621 789 2666 considere
821 2621 979 2679 regnis
1011 2623 1078 2667 vel
1109 2621 1247 2666 terris
1281 2623 1340 2667 N.
1370 2622 1594 2667 Heinsius
1622 2625 1638 2680 ΙΙ
1670 2627 1754 2667 283
1782 2623 1930 2680 preci·

240 2679 328 2723 bus
360 2679 560 2724 miscens
591 2685 624 2723 Ρ
655 2682 765 2726 ΒεῙι.
799 2686 831 2723 Τ
861 2680 1062 2724 miscens
1094 2680 1312 2737 precibus
1350 2685 1439 2724 Bu
1468 2683 1484 2738 ΙΙ
1515 2685 1603 2726 284
1641 2683 1692 2726 at
1720 2696 1814 2727 non
1843 2682 1926 2726 ille

244 2738 378 2795 gravi
410 2739 548 2783 dictis
581 2742 883 2795 (quamquam
914 2741 1097 2797 aspera)
1129 2743 1261 2784 motu
1284 2741 1511 2785 Barthius
1527 2742 1660 2797 prob.
1684 2741 1927 2787 Duebnero

244 2811 527 2853 quamquam
581 2812 750 2855 aspera
794 2800 948 2843 motus
994 2797 1204 2843 reddidit
1251 2799 1473 2844 Gruterus
1509 2800 1525 2855 ΙΙ
1563 2804 1650 2844 287
1705 2799 1746 2843 si
1793 2799 1930 2844 detur
2007 2823 2009 2827 ·

242 2860 424 2899 GHTm
462 2858 559 2903 edd.
601 2863 701 2903 veit.
728 2861 744 2915 ss
767 2862 853 2902 288
892 2857 1060 2902 thebas
1090 2862 1123 2900 P
1151 2859 1157 2914 Ι
1185 2857 1374 2902 dionem
1404 2862 1478 2901 PB
1509 2860 1526 2915 ΙΙ
1555 2863 1638 2903 291
1674 2861 1722 2902 et
1751 2858 1931 2903 inrevo-
2018 2871 2020 2895 2
