1976 3126
162 149 272 202 264
735 148 783 193 P.
817 145 1042 192 PAPINII
1072 147 1264 192 STATII

165 270 357 322 Telum
395 269 631 322 immane
669 272 853 338 rotat3¹
881 269 973 323 sed
1011 268 1141 322 ferri
1178 269 1380 323 lumine
1420 269 1535 323 diro

160 343 432 396 Turbatus
475 345 688 412 sonipes
730 361 845 395 sese
885 342 1267 411 dominumque
1305 344 1527 397 retorsit

159 416 224 470 In
263 418 406 470 latus
449 420 609 486 atque
649 416 859 470 avidam
899 416 1207 470 transmisit
1246 416 1428 470 (levius
1466 418 1700 472 hastam.

160 490 353 544 Acrior
390 491 491 543 hoc
529 490 776 544 iuvenem
817 491 1007 544 stricto
1047 493 1301 544 muero‘ne
1340 492 1561 560 petebat
1759 505 1845 546 805

161 565 460 633 Amphion,
501 583 622 617 cum
663 583 718 617 se
756 565 933 619 medio
972 564 1204 618 Latonia
1244 582 1432 634 campo

158 638 291 691 Iecit
331 642 385 690 et
424 641 548 691 ante
587 640 771 693 oculos
812 657 996 692 omnes
1038 639 1192 692 stetit
1231 639 1393 692 obvia
1430 640 1598 693 vultu.

159 711 436 773 Haerebat
474 713 656 766 iuveni
698 713 978 767 devinctus
1018 731 1199 766 amore
1237 713 1431 781 pudico

158 786 459 851 Maenalius
499 786 764 856 Dorceus,
804 787 889 840 cui
927 788 1072 840 bella
1112 805 1372 855 suumque
1411 787 1662 841 timorem

158 860 335 913 Mater
375 864 429 913 et
470 861 696 914 audaces
736 862 889 930 pueri
929 860 1279 914 mandaverat
1319 878 1503 915 annos.
1760 875 1847 915 810

157 933 335 987 Huius
374 938 490 987 tum
528 936 683 988 vultu
723 936 823 988 dea
863 936 1201 988 dissimulata
1238 934 1509 1004 profatur:

158 1007 465 1062 ‘Hactenus
507 1007 750 1079 Ogygias
791 1010 924 1062 satis
964 1009 1251 1062 infestasse
1290 1011 1556 1079 catervas,

158 1082 591 1152 Parthenopaee,
631 1084 786 1152 satis3
826 1084 1053 1136 miserae
1092 1084 1204 1136 iam
1242 1100 1400 1152 parce
1438 1085 1675 1152 parenti,

155 1155 322 1210 Parce
364 1157 495 1222 deis,
537 1158 857 1226 quicumque
896 1157 1115 1211 favent?
1191 1156 1305 1210 Neo
1343 1158 1570 1210 territus
1610 1159 1726 1211 ille:

159 1229 343 1283 ‘Hunc
376 1232 489 1283 sine
513 1250 597 1283 me
624 1229 754 1302 (non
779 1232 936 1300 plura
960 1230 1183 1302 petam),
1213 1231 1470 1284 fidissime
1494 1230 1704 1285 Dorceu
1714 1274 1728 1302 ,
1761 1245 1847 1286 815

158 1302 403 1357 Sternere
442 1305 616 1373 humi,
657 1305 749 1374 qui
787 1306 896 1357 tela
934 1306 1068 1358 meis
1110 1305 1253 1375 gerit
1292 1306 1504 1359 aemula
1540 1307 1667 1359 telis

155 1377 230 1430 Et
269 1378 474 1432 similes
514 1379 690 1432 cultus
733 1382 787 1432 et
825 1379 979 1432 frena
1020 1380 1270 1433 sonantia
1305 1380 1492 1434 iactat.

155 1451 332 1506 Frena
370 1471 582 1524 regam,
622 1453 799 1507 cultus
841 1453 1056 1507 Triviae
1095 1452 1401 1522 pendebitis
1442 1454 1555 1507 alto

155 1526 388 1596 Limine,
428 1528 659 1596 captivis
699 1531 929 1580 matrem
969 1528 1181 1581 donabo
1221 1527 1530 1597 pharetris?
1954 1573 1957 1604 ς

157 1600 347 1653 Audiit
388 1604 442 1654 et
481 1602 649 1654 mixto
690 1601 812 1653 risit
850 1601 1080 1654 Latonia
1119 1602 1264 1654 fietu.
1758 1616 1846 1656 820
1950 1610 1957 1618 ’”

231 1674 459 1735 Viderat
496 1674 637 1728 hanc
677 1675 813 1727 caeli
852 1675 1162 1727 iamdudum
1200 1676 1256 1727 in
1293 1676 1450 1745 parte
1489 1679 1701 1728 remota
1936 1677 1943 1683 ⁴

158 1746 447 1801 Gradivum
489 1749 769 1817 complexa
807 1748 1014 1818 VenuS,
1054 1749 1287 1818 dumque
1329 1748 1488 1802 anxia
1528 1748 1742 1803 Thebas

157 1819 558 1875 Commemorat
597 1821 964 1891 Cadmumque
1003 1823 1119 1876 viro
1161 1840 1420 1892 caraeque
1458 1826 1685 1892 nepotes

89 1895 91 1899 ’
155 1894 511 1961 Harmoniae,
550 1914 797 1965 pressum
836 1897 1004 1949 tacito
1045 1897 1146 1950 sub
1187 1897 1344 1950 corde
1385 1897 1624 1950 dolorem

156 1967 725 2039 Tempestiva'movet:
751 1969 970 2024 eNonne
987 1970 1141 2040 hanc,
1160 1970 1408 2041 Gradive,
1424 1975 1733 2039 protervam
1759 1986 1846 2026 825

159 2043 490 2112 Virginitate
530 2044 677 2097 vides
717 2045 948 2097 mediam
990 2063 1047 2097 se
1086 2045 1225 2098 ferre
1264 2046 1504 2100 virorum

156 2115 448 2171 Coetibus‘?
490 2121 653 2188 utque
694 2119 836 2171 acies
877 2119 1052 2172 audax
1091 2122 1146 2172 et
1183 2118 1387 2173 Martia
1427 2121 1584 2191 signa

154 2192 477 2261 Temperet?
519 2210 586 2244 en
625 2192 790 2245 etiam
830 2193 998 2245 donat
1035 2193 1367 2263 praebetque
1405 2194 1673 2248 necandos

155 2265 262 2318 Tot
300 2270 491 2319 nostra
530 2266 594 2318 de
635 2269 795 2336 gente
834 2267 996 2321 viros,
1069 2266 1212 2320 Huic
1251 2268 1453 2321 tradita
1491 2268 1688 2336 virtUS‚

154 2338 296 2392 Huic
334 2339 520 2393 furor‘?
560 2342 806 2410 agrestes
839 2344 1085 2409 superest
1115 2341 1220 2394 tibi
1250 2341 1416 2410 figere
1448 2341 1724 2396 dammas?
1758 2356 1845 2396 830
1908 2356 1910 2361 ’

154 2413 394 2466 Desiluit
433 2414 593 2466 iustis
634 2417 936 2467 commotus
976 2415 1033 2467 in
1072 2433 1223 2468 arma
1261 2416 1512 2484 querellis

154 2486 513 2557 BellipotenS‚
554 2488 638 2540 cui
679 2488 796 2540 sola
834 2505 1031 2557 vagum
1071 2507 1168 2558 per
1206 2490 1365 2542 inane
1404 2491 1582 2557 ruenti

274 2637 358 2677 802
399 2634 561 2688 portat
598 2637 632 2676 B
671 2647 726 2677 m
756 2647 831 2689 pr.
863 2638 999 2690 parat
1028 2638 1061 2676 B
1093 2649 1149 2678 m.
1183 2648 1266 2679 sec.
1302 2635 1493 2680 ‘rectius
1525 2636 1640 2679 Μ33.
1673 2635 1839 2692 parat’

154 2692 379 2736 Heinsms
415 2694 431 2747 ΙΙ
470 2697 556 2737 807
597 2691 715 2736 lecit
747 2694 795 2736 et
823 2698 855 2735 P
886 2691 1027 2736 Inicit
1058 2695 1190 2738 ceteri
1217 2698 1222 2747 ι
1251 2707 1410 2760 omnes
1441 2699 1474 2736 P
1506 2693 1634 2738 omni
1665 2696 1798 2739 ceteri

158 2751 312 2794 omnia
342 2750 476 2795 vultu
500 2757 531 2794 P
555 2754 570 2808 ΙΙ
595 2757 677 2796 811
712 2751 893 2795 vultum
916 2756 1028 2805 pGT
1054 2754 1150 2797 edd.
1175 2757 1276 2797 vett.
1302 2751 1353 2796 in
1385 2752 1565 2797 vultum
1587 2754 1814 2798 Barthius
1838 2752 1845 2811 1
1911 2752 1923 2807 s

155 2814 241 2853 815
272 2824 368 2855 ver
352 2824 426 2855 sus
457 2812 509 2855 in
531 2816 563 2854 P
594 2826 688 2855 non
713 2813 876 2867 Zeyitur
899 2812 914 2867 ΙΙ
938 2816 1023 2855 816
1055 2811 1186 2865 meis,
1221 2813 1278 2856 al.
1306 2826 1363 2857 m.
1386 2826 1615 2868 suprascr.
1641 2815 1663 2855 1
1686 2813 1779 2855 suis
1806 2826 1840 2856 s.

151 2869 305 2923 parth.
341 2874 373 2911 P
396 2871 411 2926 ΙΙ
436 2873 520 2915 819
555 2868 766 2914 Culmine
800 2871 1114 2915 Marklawdus
1136 2872 1150 2927 [Ι
1176 2874 1259 2915 831
1292 2869 1511 2915 Dissiluit
1540 2876 1573 2914 P
1603 2871 1714 2916 Beh.
