<?xml version="1.0" encoding="UTF-8"?>
<!DOCTYPE html PUBLIC "-//W3C//DTD XHTML 1.0 Transitional//EN"
    "http://www.w3.org/TR/xhtml1/DTD/xhtml1-transitional.dtd">
<html xmlns="http://www.w3.org/1999/xhtml" xml:lang="en" lang="en">
 <head>
  <title>
</title>
<meta http-equiv="Content-Type" content="text/html;charset=utf-8" />
  <meta name='ocr-system' content='tesseract 3.04.00' />
  <meta name='ocr-capabilities' content='ocr_page ocr_carea ocr_par ocr_line ocrx_word'/>
</head>
<body>
  <div class='ocr_page' id='page_1' title='image "./operapapinius12statuoft_0136.png"; bbox 0 0 1988 3106; ppageno 0'>
   <div class='ocr_carea' id='block_1_1' title="bbox 144 117 1292 200">
    <p class='ocr_par' dir='ltr' id='par_1_1' title="bbox 144 117 1292 200">
     <span class='ocr_line' id='line_1_1' title="bbox 144 117 1292 200; baseline -0.006 0"><span class='ocrx_word' id='word_1_1' title='bbox 144 148 249 200; x_wconf 88' lang='lat'>110</span> <span class='ocrx_word' id='word_1_2' title='bbox 404 124 408 127; x_wconf 35' lang='lat'>‘</span> <span class='ocrx_word' id='word_1_3' title='bbox 472 117 475 119; x_wconf 10' lang='lat' dir='ltr'>v</span> <span class='ocrx_word' id='word_1_4' title='bbox 750 150 799 193; x_wconf 88' lang='lat' dir='ltr'>P.</span> <span class='ocrx_word' id='word_1_5' title='bbox 832 149 1062 193; x_wconf 83' lang='lat' dir='ltr'>PAPINH</span> <span class='ocrx_word' id='word_1_6' title='bbox 1094 148 1292 194; x_wconf 75' lang='lat' dir='ltr'>srAru</span> 
     </span>
    </p>
   </div>
   <div class='ocr_carea' id='block_1_2' title="bbox 136 266 1724 1787">
    <p class='ocr_par' dir='ltr' id='par_1_2' title="bbox 141 266 1542 339">
     <span class='ocr_line' id='line_1_2' title="bbox 141 266 1542 339; baseline 0.001 -19"><span class='ocrx_word' id='word_1_7' title='bbox 141 266 331 320; x_wconf 84' lang='lat' dir='ltr'>Cessat</span> <span class='ocrx_word' id='word_1_8' title='bbox 370 285 516 336; x_wconf 87' lang='lat' dir='ltr'>apex.</span> <span class='ocrx_word' id='word_1_9' title='bbox 577 268 762 336; x_wconf 91' lang='lat' dir='ltr'>procul</span> <span class='ocrx_word' id='word_1_10' title='bbox 799 268 905 320; x_wconf 89' lang='lat' dir='ltr'>ista</span> <span class='ocrx_word' id='word_1_11' title='bbox 941 271 1034 320; x_wconf 93' lang='lat' dir='ltr'>tuo</span> <span class='ocrx_word' id='word_1_12' title='bbox 1075 268 1185 321; x_wconf 88' lang='lat' dir='ltr'>sint</span> <span class='ocrx_word' id='word_1_13' title='bbox 1220 268 1335 321; x_wconf 87' lang='lat' dir='ltr'>fata</span> <span class='ocrx_word' id='word_1_14' title='bbox 1374 268 1542 339; x_wconf 83' lang='lat' dir='ltr'>Teati,</span> 
     </span>
    </p>

    <p class='ocr_par' dir='ltr' id='par_1_3' title="bbox 138 340 1474 410">
     <span class='ocr_line' id='line_1_3' title="bbox 138 340 1474 410; baseline 0 -15"><span class='ocrx_word' id='word_1_15' title='bbox 138 341 251 395; x_wconf 91' lang='lat' dir='ltr'>Nec</span> <span class='ocrx_word' id='word_1_16' title='bbox 289 340 624 394; x_wconf 84' lang='lat' dir='ltr'>Marrucinos</span> <span class='ocrx_word' id='word_1_17' title='bbox 665 344 793 410; x_wconf 84' lang='lat' dir='ltr'>agat</span> <span class='ocrx_word' id='word_1_18' title='bbox 828 341 961 393; x_wconf 90' lang='lat' dir='ltr'>haec</span> <span class='ocrx_word' id='word_1_19' title='bbox 999 341 1212 394; x_wconf 87' lang='lat' dir='ltr'>insania</span> <span class='ocrx_word' id='word_1_20' title='bbox 1249 345 1474 395; x_wconf 80' lang='lat' dir='ltr'>montes,</span> 
     </span>
    </p>

    <p class='ocr_par' dir='ltr' id='par_1_4' title="bbox 138 413 1512 483">
     <span class='ocr_line' id='line_1_4' title="bbox 138 413 1512 483; baseline 0.001 -17"><span class='ocrx_word' id='word_1_21' title='bbox 138 413 296 467; x_wconf 90' lang='lat' dir='ltr'>Nunc</span> <span class='ocrx_word' id='word_1_22' title='bbox 336 415 381 467; x_wconf 90' lang='lat' dir='ltr'>si</span> <span class='ocrx_word' id='word_1_23' title='bbox 418 414 559 468; x_wconf 81' lang='lat' dir='ltr'>forte</span> <span class='ocrx_word' id='word_1_24' title='bbox 597 415 728 466; x_wconf 89' lang='lat' dir='ltr'>meis</span> <span class='ocrx_word' id='word_1_25' title='bbox 770 432 904 483; x_wconf 90' lang='lat' dir='ltr'>quae</span> <span class='ocrx_word' id='word_1_26' title='bbox 943 415 1052 466; x_wconf 90' lang='lat' dir='ltr'>sint</span> <span class='ocrx_word' id='word_1_27' title='bbox 1090 415 1308 468; x_wconf 87' lang='lat' dir='ltr'>exordia</span> <span class='ocrx_word' id='word_1_28' title='bbox 1344 416 1512 468; x_wconf 86' lang='lat' dir='ltr'>musis</span> 
     </span>
    </p>

    <p class='ocr_par' dir='ltr' id='par_1_5' title="bbox 141 485 1415 556">
     <span class='ocr_line' id='line_1_5' title="bbox 141 485 1415 556; baseline 0.002 -16"><span class='ocrx_word' id='word_1_29' title='bbox 141 487 284 541; x_wconf 82' lang='lat' dir='ltr'>Scire</span> <span class='ocrx_word' id='word_1_30' title='bbox 322 488 478 556; x_wconf 80' lang='lat' dir='ltr'>petis,</span> <span class='ocrx_word' id='word_1_31' title='bbox 515 488 623 540; x_wconf 92' lang='lat' dir='ltr'>iam</span> <span class='ocrx_word' id='word_1_32' title='bbox 663 485 910 540; x_wconf 82' lang='lat' dir='ltr'>Sidonios</span> <span class='ocrx_word' id='word_1_33' title='bbox 950 506 1166 541; x_wconf 84' lang='lat' dir='ltr'>emensa</span> <span class='ocrx_word' id='word_1_34' title='bbox 1203 489 1415 542; x_wconf 88' lang='lat' dir='ltr'>labores</span> 
     </span>
    </p>

    <p class='ocr_par' dir='ltr' id='par_1_6' title="bbox 139 561 1314 630">
     <span class='ocr_line' id='line_1_6' title="bbox 139 561 1314 630; baseline 0.002 -17"><span class='ocrx_word' id='word_1_35' title='bbox 139 561 372 613; x_wconf 87' lang='lat' dir='ltr'>Thebais</span> <span class='ocrx_word' id='word_1_36' title='bbox 414 562 598 629; x_wconf 89' lang='lat' dir='ltr'>optato</span> <span class='ocrx_word' id='word_1_37' title='bbox 638 561 859 630; x_wconf 72' lang='lat' dir='ltr'>collegit</span> <span class='ocrx_word' id='word_1_38' title='bbox 896 562 1119 615; x_wconf 87' lang='lat' dir='ltr'>carbasa</span> <span class='ocrx_word' id='word_1_39' title='bbox 1155 565 1314 630; x_wconf 87' lang='lat' dir='ltr'>portu</span> 
     </span>
    </p>

    <p class='ocr_par' dir='ltr' id='par_1_7' title="bbox 137 633 1470 704">
     <span class='ocr_line' id='line_1_7' title="bbox 137 633 1470 704; baseline 0.001 -18"><span class='ocrx_word' id='word_1_40' title='bbox 137 633 463 703; x_wconf 84' lang='lat' dir='ltr'>Parnasique</span> <span class='ocrx_word' id='word_1_41' title='bbox 503 635 643 703; x_wconf 80' lang='lat' dir='ltr'>iugis</span> <span class='ocrx_word' id='word_1_42' title='bbox 684 635 925 704; x_wconf 89' lang='lat' dir='ltr'>siluaque</span> <span class='ocrx_word' id='word_1_43' title='bbox 962 633 1278 688; x_wconf 83' lang='lat' dir='ltr'>Heliconide</span> <span class='ocrx_word' id='word_1_44' title='bbox 1315 635 1470 687; x_wconf 85' lang='lat' dir='ltr'>festis</span> 
     </span>
    </p>

    <p class='ocr_par' dir='ltr' id='par_1_8' title="bbox 137 707 1572 908">
     <span class='ocr_line' id='line_1_8' title="bbox 138 707 1543 777; baseline 0.001 -18"><span class='ocrx_word' id='word_1_45' title='bbox 138 707 281 759; x_wconf 89' lang='lat' dir='ltr'>Tura</span> <span class='ocrx_word' id='word_1_46' title='bbox 320 707 465 760; x_wconf 92' lang='lat' dir='ltr'>dedit</span> <span class='ocrx_word' id='word_1_47' title='bbox 501 707 729 760; x_wconf 89' lang='lat' dir='ltr'>flammis</span> <span class='ocrx_word' id='word_1_48' title='bbox 770 710 824 759; x_wconf 91' lang='lat' dir='ltr'>et</span> <span class='ocrx_word' id='word_1_49' title='bbox 859 707 1088 777; x_wconf 86' lang='lat' dir='ltr'>uirginis</span> <span class='ocrx_word' id='word_1_50' title='bbox 1127 711 1250 760; x_wconf 89' lang='lat' dir='ltr'>exta</span> <span class='ocrx_word' id='word_1_51' title='bbox 1286 709 1543 761; x_wconf 91' lang='lat' dir='ltr'>iuuencae</span> 
     </span>
     <span class='ocr_line' id='line_1_9' title="bbox 138 779 1572 850; baseline 0.001 -17"><span class='ocrx_word' id='word_1_52' title='bbox 138 779 515 850; x_wconf 88' lang='lat' dir='ltr'>Uotiferasque</span> <span class='ocrx_word' id='word_1_53' title='bbox 555 798 701 833; x_wconf 90' lang='lat' dir='ltr'>meas</span> <span class='ocrx_word' id='word_1_54' title='bbox 742 781 1018 849; x_wconf 72' lang='lat' dir='ltr'>suspendit</span> <span class='ocrx_word' id='word_1_55' title='bbox 1056 782 1123 834; x_wconf 89' lang='lat' dir='ltr'>ab</span> <span class='ocrx_word' id='word_1_56' title='bbox 1164 782 1354 834; x_wconf 87' lang='lat' dir='ltr'>arbore</span> <span class='ocrx_word' id='word_1_57' title='bbox 1392 782 1572 834; x_wconf 75' lang='lat' dir='ltr'>uittas,</span> 
     </span>
     <span class='ocr_line' id='line_1_10' title="bbox 137 852 1482 908; baseline 0.001 -2"><span class='ocrx_word' id='word_1_58' title='bbox 137 852 295 907; x_wconf 90' lang='lat' dir='ltr'>Nunc</span> <span class='ocrx_word' id='word_1_59' title='bbox 333 872 531 907; x_wconf 90' lang='lat' dir='ltr'>uacuos</span> <span class='ocrx_word' id='word_1_60' title='bbox 572 854 742 907; x_wconf 87' lang='lat' dir='ltr'>crines</span> <span class='ocrx_word' id='word_1_61' title='bbox 784 855 889 907; x_wconf 90' lang='lat' dir='ltr'>alio</span> <span class='ocrx_word' id='word_1_62' title='bbox 931 855 1076 908; x_wconf 88' lang='lat' dir='ltr'>subit</span> <span class='ocrx_word' id='word_1_63' title='bbox 1112 855 1283 907; x_wconf 87' lang='lat' dir='ltr'>infula</span> <span class='ocrx_word' id='word_1_64' title='bbox 1319 873 1482 907; x_wconf 85' lang='lat' dir='ltr'>nexu:</span> 
     </span>
    </p>

    <p class='ocr_par' dir='ltr' id='par_1_9' title="bbox 137 927 1724 1143">
     <span class='ocr_line' id='line_1_11' title="bbox 139 927 1724 997; baseline 0.001 -18"><span class='ocrx_word' id='word_1_65' title='bbox 139 927 303 979; x_wconf 88' lang='lat' dir='ltr'>Troia</span> <span class='ocrx_word' id='word_1_66' title='bbox 342 927 554 996; x_wconf 91' lang='lat' dir='ltr'>quidem</span> <span class='ocrx_word' id='word_1_67' title='bbox 592 944 926 997; x_wconf 84' lang='lat' dir='ltr'>magnusque</span> <span class='ocrx_word' id='word_1_68' title='bbox 965 928 1099 980; x_wconf 89' lang='lat' dir='ltr'>mihi</span> <span class='ocrx_word' id='word_1_69' title='bbox 1135 930 1430 997; x_wconf 87' lang='lat' dir='ltr'>temptatur</span> <span class='ocrx_word' id='word_1_70' title='bbox 1466 928 1724 997; x_wconf 78' lang='lat' dir='ltr'>Achilles,</span> 
     </span>
     <span class='ocr_line' id='line_1_12' title="bbox 139 999 1712 1071; baseline 0.001 -19"><span class='ocrx_word' id='word_1_71' title='bbox 139 999 243 1052; x_wconf 81' lang='lat' dir='ltr'>Sed</span> <span class='ocrx_word' id='word_1_72' title='bbox 280 1004 441 1054; x_wconf 90' lang='lat' dir='ltr'>uocat</span> <span class='ocrx_word' id='word_1_73' title='bbox 479 1000 779 1053; x_wconf 71' lang='lat' dir='ltr'>arcitenens</span> <span class='ocrx_word' id='word_1_74' title='bbox 821 1001 924 1054; x_wconf 91' lang='lat' dir='ltr'>alio</span> <span class='ocrx_word' id='word_1_75' title='bbox 963 1004 1118 1070; x_wconf 89' lang='lat' dir='ltr'>pater</span> <span class='ocrx_word' id='word_1_76' title='bbox 1155 1005 1408 1071; x_wconf 82' lang='lat' dir='ltr'>armaque</span> <span class='ocrx_word' id='word_1_77' title='bbox 1447 1005 1712 1055; x_wconf 90' lang='lat' dir='ltr'>monstrat</span> 
     </span>
     <span class='ocr_line' id='line_1_13' title="bbox 137 1074 1444 1143; baseline 0.002 -18"><span class='ocrx_word' id='word_1_78' title='bbox 137 1074 366 1127; x_wconf 87' lang='lat' dir='ltr'>Ausonii</span> <span class='ocrx_word' id='word_1_79' title='bbox 404 1074 610 1126; x_wconf 91' lang='lat' dir='ltr'>maiora</span> <span class='ocrx_word' id='word_1_80' title='bbox 649 1074 811 1128; x_wconf 87' lang='lat' dir='ltr'>ducis.</span> <span class='ocrx_word' id='word_1_81' title='bbox 872 1075 1042 1127; x_wconf 90' lang='lat' dir='ltr'>trahit</span> <span class='ocrx_word' id='word_1_82' title='bbox 1079 1075 1312 1143; x_wconf 89' lang='lat' dir='ltr'>impetus</span> <span class='ocrx_word' id='word_1_83' title='bbox 1351 1075 1444 1127; x_wconf 93' lang='lat' dir='ltr'>illo</span> 
     </span>
    </p>

    <p class='ocr_par' dir='ltr' id='par_1_10' title="bbox 136 1146 1703 1657">
     <span class='ocr_line' id='line_1_14' title="bbox 136 1146 1703 1216; baseline 0.001 -17"><span class='ocrx_word' id='word_1_84' title='bbox 136 1146 253 1200; x_wconf 92' lang='lat' dir='ltr'>Iam</span> <span class='ocrx_word' id='word_1_85' title='bbox 290 1147 497 1215; x_wconf 85' lang='lat' dir='ltr'>pridem</span> <span class='ocrx_word' id='word_1_86' title='bbox 535 1147 864 1216; x_wconf 74' lang='lat' dir='ltr'>retrahitque</span> <span class='ocrx_word' id='word_1_87' title='bbox 902 1148 1079 1200; x_wconf 89' lang='lat' dir='ltr'>timor.</span> <span class='ocrx_word' id='word_1_88' title='bbox 1141 1148 1433 1201; x_wconf 88' lang='lat' dir='ltr'>stabuntne</span> <span class='ocrx_word' id='word_1_89' title='bbox 1473 1148 1571 1201; x_wconf 88' lang='lat' dir='ltr'>sub</span> <span class='ocrx_word' id='word_1_90' title='bbox 1609 1148 1703 1201; x_wconf 93' lang='lat' dir='ltr'>illa</span> 
     </span>
     <span class='ocr_line' id='line_1_15' title="bbox 138 1219 1690 1290; baseline 0.001 -18"><span class='ocrx_word' id='word_1_91' title='bbox 138 1219 282 1273; x_wconf 94' lang='lat' dir='ltr'>Mole</span> <span class='ocrx_word' id='word_1_92' title='bbox 321 1221 529 1273; x_wconf 89' lang='lat' dir='ltr'>humeri</span> <span class='ocrx_word' id='word_1_93' title='bbox 569 1239 639 1273; x_wconf 90' lang='lat' dir='ltr'>an</span> <span class='ocrx_word' id='word_1_94' title='bbox 678 1238 877 1290; x_wconf 83' lang='lat' dir='ltr'>magno</span> <span class='ocrx_word' id='word_1_95' title='bbox 917 1222 1162 1276; x_wconf 88' lang='lat' dir='ltr'>uincetur</span> <span class='ocrx_word' id='word_1_96' title='bbox 1197 1221 1433 1290; x_wconf 90' lang='lat' dir='ltr'>pondere</span> <span class='ocrx_word' id='word_1_97' title='bbox 1475 1221 1690 1274; x_wconf 80' lang='lat' dir='ltr'>ceruix?</span> 
     </span>
     <span class='ocr_line' id='line_1_16' title="bbox 138 1292 1607 1363; baseline 0.001 -17"><span class='ocrx_word' id='word_1_98' title='bbox 138 1292 255 1363; x_wconf 80' lang='lat' dir='ltr'>Dic,</span> <span class='ocrx_word' id='word_1_99' title='bbox 293 1293 560 1361; x_wconf 88' lang='lat' dir='ltr'>Marcelle,</span> <span class='ocrx_word' id='word_1_100' title='bbox 598 1295 806 1346; x_wconf 77' lang='lat' dir='ltr'>feram?</span> <span class='ocrx_word' id='word_1_101' title='bbox 844 1294 1036 1347; x_wconf 90' lang='lat' dir='ltr'>fluctus</span> <span class='ocrx_word' id='word_1_102' title='bbox 1076 1313 1147 1347; x_wconf 93' lang='lat' dir='ltr'>an</span> <span class='ocrx_word' id='word_1_103' title='bbox 1187 1297 1338 1348; x_wconf 86' lang='lat' dir='ltr'>sueta</span> <span class='ocrx_word' id='word_1_104' title='bbox 1376 1295 1607 1348; x_wconf 86' lang='lat' dir='ltr'>minores</span> 
     </span>
     <span class='ocr_line' id='line_1_17' title="bbox 137 1366 1555 1437; baseline 0.001 -18"><span class='ocrx_word' id='word_1_105' title='bbox 137 1366 312 1420; x_wconf 90' lang='lat' dir='ltr'>Nosse</span> <span class='ocrx_word' id='word_1_106' title='bbox 349 1368 482 1420; x_wconf 87' lang='lat' dir='ltr'>ratis</span> <span class='ocrx_word' id='word_1_107' title='bbox 521 1367 759 1420; x_wconf 92' lang='lat' dir='ltr'>nondum</span> <span class='ocrx_word' id='word_1_108' title='bbox 797 1367 965 1420; x_wconf 89' lang='lat' dir='ltr'>Ioniis</span> <span class='ocrx_word' id='word_1_109' title='bbox 1006 1367 1268 1421; x_wconf 86' lang='lat' dir='ltr'>credenda</span> <span class='ocrx_word' id='word_1_110' title='bbox 1305 1368 1555 1437; x_wconf 80' lang='lat' dir='ltr'>periclis?</span> 
     </span>
     <span class='ocr_line' id='line_1_18' title="bbox 137 1439 1608 1509; baseline 0.001 -17"><span class='ocrx_word' id='word_1_111' title='bbox 137 1439 355 1509; x_wconf 89' lang='lat' dir='ltr'>Iamque</span> <span class='ocrx_word' id='word_1_112' title='bbox 394 1441 513 1493; x_wconf 91' lang='lat' dir='ltr'>uale</span> <span class='ocrx_word' id='word_1_113' title='bbox 557 1443 610 1493; x_wconf 90' lang='lat' dir='ltr'>et</span> <span class='ocrx_word' id='word_1_114' title='bbox 646 1441 860 1509; x_wconf 89' lang='lat' dir='ltr'>penitus</span> <span class='ocrx_word' id='word_1_115' title='bbox 899 1442 1015 1494; x_wconf 91' lang='lat' dir='ltr'>noti</span> <span class='ocrx_word' id='word_1_116' title='bbox 1051 1442 1151 1494; x_wconf 90' lang='lat' dir='ltr'>tibi</span> <span class='ocrx_word' id='word_1_117' title='bbox 1189 1442 1331 1494; x_wconf 87' lang='lat' dir='ltr'>uatis</span> <span class='ocrx_word' id='word_1_118' title='bbox 1372 1459 1608 1494; x_wconf 91' lang='lat' dir='ltr'>amorem</span> 
     </span>
     <span class='ocr_line' id='line_1_19' title="bbox 139 1512 1652 1567; baseline 0 -1"><span class='ocrx_word' id='word_1_119' title='bbox 139 1512 308 1566; x_wconf 86' lang='lat' dir='ltr'>Corde</span> <span class='ocrx_word' id='word_1_120' title='bbox 346 1514 487 1566; x_wconf 88' lang='lat' dir='ltr'>exire</span> <span class='ocrx_word' id='word_1_121' title='bbox 525 1517 662 1566; x_wconf 86' lang='lat' dir='ltr'>ueta.</span> <span class='ocrx_word' id='word_1_122' title='bbox 722 1531 820 1566; x_wconf 89' lang='lat' dir='ltr'>nec</span> <span class='ocrx_word' id='word_1_123' title='bbox 859 1514 1001 1567; x_wconf 91' lang='lat' dir='ltr'>enim</span> <span class='ocrx_word' id='word_1_124' title='bbox 1039 1514 1173 1566; x_wconf 91' lang='lat' dir='ltr'>mihi</span> <span class='ocrx_word' id='word_1_125' title='bbox 1210 1514 1441 1567; x_wconf 89' lang='lat' dir='ltr'>iunctius</span> <span class='ocrx_word' id='word_1_126' title='bbox 1482 1516 1652 1567; x_wconf 87' lang='lat' dir='ltr'>almae</span> 
     </span>
     <span class='ocr_line' id='line_1_20' title="bbox 138 1586 1337 1657; baseline 0.002 -19"><span class='ocrx_word' id='word_1_127' title='bbox 138 1586 331 1639; x_wconf 91' lang='lat' dir='ltr'>Pectus</span> <span class='ocrx_word' id='word_1_128' title='bbox 374 1587 662 1639; x_wconf 87' lang='lat' dir='ltr'>amicitiae:</span> <span class='ocrx_word' id='word_1_129' title='bbox 711 1587 860 1640; x_wconf 90' lang='lat' dir='ltr'>cedet</span> <span class='ocrx_word' id='word_1_130' title='bbox 896 1587 997 1640; x_wconf 89' lang='lat' dir='ltr'>tibi</span> <span class='ocrx_word' id='word_1_131' title='bbox 1036 1588 1207 1657; x_wconf 86' lang='lat' dir='ltr'>gloria</span> <span class='ocrx_word' id='word_1_132' title='bbox 1244 1587 1337 1640; x_wconf 93' lang='lat' dir='ltr'>fidi</span> 
     </span>
    </p>

    <p class='ocr_par' dir='ltr' id='par_1_11' title="bbox 138 1659 1546 1787">
     <span class='ocr_line' id='line_1_21' title="bbox 138 1659 1546 1729; baseline 0.001 -17"><span class='ocrx_word' id='word_1_133' title='bbox 138 1659 389 1728; x_wconf 77' lang='lat' dir='ltr'>TheseOS,</span> <span class='ocrx_word' id='word_1_134' title='bbox 430 1663 484 1713; x_wconf 91' lang='lat' dir='ltr'>et</span> <span class='ocrx_word' id='word_1_135' title='bbox 520 1661 752 1713; x_wconf 89' lang='lat' dir='ltr'>lacerum</span> <span class='ocrx_word' id='word_1_136' title='bbox 792 1661 883 1729; x_wconf 88' lang='lat' dir='ltr'>qui</span> <span class='ocrx_word' id='word_1_137' title='bbox 922 1660 1062 1713; x_wconf 89' lang='lat' dir='ltr'>circa</span> <span class='ocrx_word' id='word_1_138' title='bbox 1099 1661 1313 1713; x_wconf 90' lang='lat' dir='ltr'>moenia</span> <span class='ocrx_word' id='word_1_139' title='bbox 1352 1660 1546 1714; x_wconf 87' lang='lat' dir='ltr'>Troiae</span> 
     </span>
     <span class='ocr_line' id='line_1_22' title="bbox 139 1733 1298 1787; baseline 0.001 -2"><span class='ocrx_word' id='word_1_140' title='bbox 139 1733 442 1786; x_wconf 89' lang='lat' dir='ltr'>Priamiden</span> <span class='ocrx_word' id='word_1_141' title='bbox 481 1751 634 1786; x_wconf 88' lang='lat' dir='ltr'>caeso</span> <span class='ocrx_word' id='word_1_142' title='bbox 675 1734 871 1786; x_wconf 91' lang='lat' dir='ltr'>solatia</span> <span class='ocrx_word' id='word_1_143' title='bbox 907 1734 1073 1786; x_wconf 82' lang='lat' dir='ltr'>traxit</span> <span class='ocrx_word' id='word_1_144' title='bbox 1112 1734 1298 1787; x_wconf 85' lang='lat' dir='ltr'>amice.</span> 
     </span>
    </p>
   </div>
   <div class='ocr_carea' id='block_1_3' title="bbox 428 1922 1621 2101">
    <p class='ocr_par' dir='ltr' id='par_1_12' title="bbox 428 1922 1621 2101">
     <span class='ocr_line' id='line_1_23' title="bbox 990 1922 1057 1976; baseline 0 0"><span class='ocrx_word' id='word_1_145' title='bbox 990 1922 1057 1976; x_wconf 92' lang='lat' dir='ltr'>V.</span> 
     </span>
     <span class='ocr_line' id='line_1_24' title="bbox 428 2053 1621 2101; baseline 0.002 -3"><span class='ocrx_word' id='word_1_146' title='bbox 428 2053 547 2098; x_wconf 85' lang='lat' dir='ltr'>ODE</span> <span class='ocrx_word' id='word_1_147' title='bbox 580 2053 803 2099; x_wconf 84' lang='lat' dir='ltr'><strong>LYRICA</strong></span> <span class='ocrx_word' id='word_1_148' title='bbox 835 2053 917 2097; x_wconf 91' lang='lat' dir='ltr'>AD</span> <span class='ocrx_word' id='word_1_149' title='bbox 953 2053 1290 2098; x_wconf 84' lang='lat' dir='ltr'>SEPTIMIUM</span> <span class='ocrx_word' id='word_1_150' title='bbox 1321 2053 1621 2101; x_wconf 84' lang='lat' dir='ltr'><strong>SEUERUM.</strong></span> 
     </span>
    </p>
   </div>
   <div class='ocr_carea' id='block_1_4' title="bbox 402 2171 1555 2316">
    <p class='ocr_par' dir='ltr' id='par_1_13' title="bbox 402 2171 1555 2316">
     <span class='ocr_line' id='line_1_25' title="bbox 402 2171 1319 2241; baseline 0.001 -17"><span class='ocrx_word' id='word_1_151' title='bbox 402 2171 565 2224; x_wconf 88' lang='lat' dir='ltr'>Parui</span> <span class='ocrx_word' id='word_1_152' title='bbox 603 2172 791 2224; x_wconf 87' lang='lat' dir='ltr'>beatus</span> <span class='ocrx_word' id='word_1_153' title='bbox 830 2172 969 2225; x_wconf 86' lang='lat' dir='ltr'>ruris</span> <span class='ocrx_word' id='word_1_154' title='bbox 1008 2172 1319 2241; x_wconf 77' lang='lat' dir='ltr'>honoribUS,</span> 
     </span>
     <span class='ocr_line' id='line_1_26' title="bbox 405 2244 1555 2316; baseline 0.003 -20"><span class='ocrx_word' id='word_1_155' title='bbox 405 2244 520 2306; x_wconf 83' lang='lat' dir='ltr'>Qua</span> <span class='ocrx_word' id='word_1_156' title='bbox 558 2245 739 2313; x_wconf 88' lang='lat' dir='ltr'>prisca</span> <span class='ocrx_word' id='word_1_157' title='bbox 777 2244 1012 2299; x_wconf 90' lang='lat' dir='ltr'>Teucros</span> <span class='ocrx_word' id='word_1_158' title='bbox 1051 2245 1197 2298; x_wconf 87' lang='lat' dir='ltr'>Alba</span> <span class='ocrx_word' id='word_1_159' title='bbox 1234 2245 1364 2299; x_wconf 88' lang='lat' dir='ltr'>colit</span> <span class='ocrx_word' id='word_1_160' title='bbox 1401 2247 1555 2316; x_wconf 80' lang='lat' dir='ltr'>lareS‚</span> 
     </span>
    </p>
   </div>
   <div class='ocr_carea' id='block_1_5' title="bbox 231 2393 492 2398">
    <p class='ocr_par' dir='ltr' id='par_1_14' title="bbox 231 2393 492 2398">
     <span class='ocr_line' id='line_1_27' title="bbox 231 2393 492 2398; baseline 0 0"><span class='ocrx_word' id='word_1_161' title='bbox 231 2393 492 2398; x_wconf 95' lang='lat' dir='ltr'> </span> 
     </span>
    </p>
   </div>
   <div class='ocr_carea' id='block_1_6' title="bbox 1851 283 1907 323">
    <p class='ocr_par' dir='ltr' id='par_1_15' title="bbox 1851 283 1907 323">
     <span class='ocr_line' id='line_1_28' title="bbox 1851 283 1907 323; baseline 0 0"><span class='ocrx_word' id='word_1_162' title='bbox 1851 283 1907 323; x_wconf 84' lang='lat'>85</span> 
     </span>
    </p>
   </div>
   <div class='ocr_carea' id='block_1_7' title="bbox 1852 649 1941 688">
    <p class='ocr_par' dir='ltr' id='par_1_16' title="bbox 1852 649 1941 688">
     <span class='ocr_line' id='line_1_29' title="bbox 1852 649 1941 688; baseline 0 -1"><span class='ocrx_word' id='word_1_163' title='bbox 1852 649 1941 688; x_wconf 46' lang='grc' dir='ltr'>90ι</span> 
     </span>
    </p>
   </div>
   <div class='ocr_carea' id='block_1_8' title="bbox 1855 1015 1909 1054">
    <p class='ocr_par' dir='ltr' id='par_1_17' title="bbox 1855 1015 1909 1054">
     <span class='ocr_line' id='line_1_30' title="bbox 1855 1015 1909 1054; baseline 0 0"><span class='ocrx_word' id='word_1_164' title='bbox 1855 1015 1909 1054; x_wconf 83' lang='grc'>95</span> 
     </span>
    </p>
   </div>
   <div class='ocr_carea' id='block_1_9' title="bbox 1826 1377 1971 1421">
    <p class='ocr_par' dir='ltr' id='par_1_18' title="bbox 1826 1377 1971 1421">
     <span class='ocr_line' id='line_1_31' title="bbox 1826 1377 1971 1421; baseline 0 0"><span class='ocrx_word' id='word_1_165' title='bbox 1826 1382 1909 1421; x_wconf 90' lang='grc'>100</span> <span class='ocrx_word' id='word_1_166' title='bbox 1966 1377 1971 1382; x_wconf 69' lang='grc'><em>“</em></span> 
     </span>
    </p>
   </div>
   <div class='ocr_carea' id='block_1_10' title="bbox 1824 1733 1988 1790">
    <p class='ocr_par' dir='ltr' id='par_1_19' title="bbox 1824 1733 1988 1790">
     <span class='ocr_line' id='line_1_32' title="bbox 1824 1733 1988 1790; baseline 0.012 -2"><span class='ocrx_word' id='word_1_167' title='bbox 1824 1750 1907 1790; x_wconf 85' lang='lat'>105</span> <span class='ocrx_word' id='word_1_168' title='bbox 1971 1733 1988 1768; x_wconf 61' lang='lat'>4</span> 
     </span>
    </p>
   </div>
   <div class='ocr_carea' id='block_1_11' title="bbox 256 2476 1908 2533">
    <p class='ocr_par' dir='ltr' id='par_1_20' title="bbox 256 2452 1981 2533">
     <span class='ocr_line' id='line_1_33' title="bbox 256 2476 1908 2533; baseline 0.001 -12"><span class='ocrx_word' id='word_1_169' title='bbox 256 2481 312 2521; x_wconf 88' lang='lat'>85</span> <span class='ocrx_word' id='word_1_170' title='bbox 348 2477 454 2521; x_wconf 83' lang='lat' dir='ltr'>tuos</span> <span class='ocrx_word' id='word_1_171' title='bbox 491 2476 642 2520; x_wconf 82' lang='lat' dir='ltr'>infata</span> <span class='ocrx_word' id='word_1_172' title='bbox 676 2477 802 2520; x_wconf 89' lang='lat' dir='ltr'>teate</span> <span class='ocrx_word' id='word_1_173' title='bbox 834 2480 863 2518; x_wconf 79' lang='lat' dir='ltr'>c</span> <span class='ocrx_word' id='word_1_174' title='bbox 895 2491 922 2518; x_wconf 80' lang='lat' dir='ltr'>a</span> <span class='ocrx_word' id='word_1_175' title='bbox 953 2476 1046 2530; x_wconf 80' lang='lat' dir='ltr'>(sed</span> <span class='ocrx_word' id='word_1_176' title='bbox 1075 2479 1202 2520; x_wconf 81' lang='lat' dir='ltr'>reate</span> <span class='ocrx_word' id='word_1_177' title='bbox 1233 2479 1292 2533; x_wconf 78' lang='lat' dir='ltr'>a),</span> <span class='ocrx_word' id='word_1_178' title='bbox 1332 2477 1520 2523; x_wconf 78' lang='lat' dir='ltr'>correxi.</span> <span class='ocrx_word' id='word_1_179' title='bbox 1560 2479 1641 2523; x_wconf 89' lang='lat' dir='ltr'>tuo</span> <span class='ocrx_word' id='word_1_180' title='bbox 1681 2477 1773 2523; x_wconf 80' lang='lat' dir='ltr'>sint</span> <span class='ocrx_word' id='word_1_181' title='bbox 1809 2479 1908 2524; x_wconf 84' lang='lat' dir='ltr'>fata</span> 
     </span>
    </p>
   </div>
   <div class='ocr_carea' id='block_1_12' title="bbox 136 2533 1907 2652">
    <p class='ocr_par' dir='ltr' id='par_1_21' title="bbox 136 2533 1982 2652">
     <span class='ocr_line' id='line_1_34' title="bbox 138 2533 1907 2592; baseline 0.002 -12"><span class='ocrx_word' id='word_1_182' title='bbox 138 2537 326 2580; x_wconf 88' lang='lat' dir='ltr'>Theano</span> <span class='ocrx_word' id='word_1_183' title='bbox 362 2536 518 2581; x_wconf 75' lang='lat' dir='ltr'>Parm.</span> <span class='ocrx_word' id='word_1_184' title='bbox 550 2535 644 2579; x_wconf 88' lang='lat' dir='ltr'>tuis</span> <span class='ocrx_word' id='word_1_185' title='bbox 669 2534 762 2579; x_wconf 87' lang='lat' dir='ltr'>sint</span> <span class='ocrx_word' id='word_1_186' title='bbox 790 2533 902 2589; x_wconf 85' lang='lat' dir='ltr'>fata,</span> <span class='ocrx_word' id='word_1_187' title='bbox 937 2534 1079 2578; x_wconf 88' lang='lat' dir='ltr'>Teate</span> <span class='ocrx_word' id='word_1_188' title='bbox 1112 2536 1198 2578; x_wconf 72' lang='lat' dir='ltr'>aliz·</span> <span class='ocrx_word' id='word_1_189' title='bbox 1229 2536 1245 2591; x_wconf 77' lang='grc' dir='ltr'>ΙΙ</span> <span class='ocrx_word' id='word_1_190' title='bbox 1287 2540 1342 2580; x_wconf 83' lang='grc'>92</span> <span class='ocrx_word' id='word_1_191' title='bbox 1375 2536 1703 2592; x_wconf 85' lang='lat' dir='ltr'>Uotiferasque</span> <span class='ocrx_word' id='word_1_192' title='bbox 1727 2541 1784 2582; x_wconf 78' lang='lat' dir='ltr'>A:</span> <span class='ocrx_word' id='word_1_193' title='bbox 1817 2539 1907 2583; x_wconf 91' lang='lat' dir='ltr'>Uo·</span> 
     </span>
     <span class='ocr_line' id='line_1_35' title="bbox 136 2592 1906 2652; baseline 0.001 -12"><span class='ocrx_word' id='word_1_194' title='bbox 136 2595 364 2651; x_wconf 80' lang='lat' dir='ltr'>tiferaque</span> <span class='ocrx_word' id='word_1_195' title='bbox 397 2598 425 2636; x_wconf 82' lang='lat' dir='ltr'>c</span> <span class='ocrx_word' id='word_1_196' title='bbox 447 2595 463 2650; x_wconf 83' lang='grc' dir='ltr'>ΙΙ</span> <span class='ocrx_word' id='word_1_197' title='bbox 497 2598 581 2638; x_wconf 88' lang='grc'>100</span> <span class='ocrx_word' id='word_1_198' title='bbox 611 2592 826 2650; x_wconf 86' lang='lat' dir='ltr'>procellis</span> <span class='ocrx_word' id='word_1_199' title='bbox 856 2593 1023 2638; x_wconf 79' lang='lat' dir='ltr'>Markl.</span> <span class='ocrx_word' id='word_1_200' title='bbox 1046 2594 1062 2648; x_wconf 85' lang='grc' dir='ltr'>ΙΙ</span> <span class='ocrx_word' id='word_1_201' title='bbox 1088 2598 1169 2637; x_wconf 91' lang='grc'>101</span> <span class='ocrx_word' id='word_1_202' title='bbox 1204 2594 1304 2637; x_wconf 90' lang='lat' dir='ltr'>noti</span> <span class='ocrx_word' id='word_1_203' title='bbox 1336 2599 1386 2638; x_wconf 82' lang='lat' dir='ltr'>c:</span> <span class='ocrx_word' id='word_1_204' title='bbox 1418 2595 1518 2639; x_wconf 89' lang='lat' dir='ltr'>uoti</span> <span class='ocrx_word' id='word_1_205' title='bbox 1551 2599 1579 2638; x_wconf 85' lang='grc' dir='ltr'><strong>ς</strong></span> <span class='ocrx_word' id='word_1_206' title='bbox 1613 2611 1640 2637; x_wconf 82' lang='lat' dir='ltr'>a</span> <span class='ocrx_word' id='word_1_207' title='bbox 1667 2598 1673 2652; x_wconf 83' lang='grc' dir='ltr'>Ι</span> <span class='ocrx_word' id='word_1_208' title='bbox 1702 2609 1906 2642; x_wconf 89' lang='lat' dir='ltr'>amorem</span> 
     </span>
    </p>
   </div>
   <div class='ocr_carea' id='block_1_13' title="bbox 136 2650 1979 2773">
    <p class='ocr_par' dir='ltr' id='par_1_22' title="bbox 136 2650 1979 2773">
     <span class='ocr_line' id='line_1_36' title="bbox 136 2650 1979 2709; baseline 0.004 -12"><span class='ocrx_word' id='word_1_209' title='bbox 136 2654 293 2697; x_wconf 67' lang='lat' dir='ltr'>Dom:</span> <span class='ocrx_word' id='word_1_210' title='bbox 322 2653 545 2697; x_wconf 88' lang='lat' dir='ltr'>honorem</span> <span class='ocrx_word' id='word_1_211' title='bbox 577 2656 604 2694; x_wconf 82' lang='lat' dir='ltr'>c</span> <span class='ocrx_word' id='word_1_212' title='bbox 637 2667 664 2694; x_wconf 81' lang='lat' dir='ltr'>a</span> <span class='ocrx_word' id='word_1_213' title='bbox 685 2653 700 2708; x_wconf 79' lang='grc' dir='ltr'>ΙΙ</span> <span class='ocrx_word' id='word_1_214' title='bbox 728 2656 809 2694; x_wconf 84' lang='grc'>102</span> <span class='ocrx_word' id='word_1_215' title='bbox 841 2650 958 2694; x_wconf 90' lang='lat' dir='ltr'>mihi</span> <span class='ocrx_word' id='word_1_216' title='bbox 989 2651 1080 2705; x_wconf 79' lang='lat' dir='ltr'>(uel</span> <span class='ocrx_word' id='word_1_217' title='bbox 1109 2650 1215 2708; x_wconf 87' lang='lat' dir='ltr'>tibi)</span> <span class='ocrx_word' id='word_1_218' title='bbox 1246 2651 1446 2698; x_wconf 85' lang='lat' dir='ltr'>iunctius</span> <span class='ocrx_word' id='word_1_219' title='bbox 1475 2655 1661 2709; x_wconf 57' lang='lat' dir='ltr'>sampsi:</span> <span class='ocrx_word' id='word_1_220' title='bbox 1699 2655 1907 2701; x_wconf 83' lang='lat' dir='ltr'>tirintius</span> <span class='ocrx_word' id='word_1_221' title='bbox 1952 2661 1979 2705; x_wconf 58' lang='grc' dir='ltr'>’ζ</span> 
     </span>
     <span class='ocr_line' id='line_1_37' title="bbox 138 2709 1979 2773; baseline 0.001 -17"><span class='ocrx_word' id='word_1_222' title='bbox 138 2713 228 2769; x_wconf 78' lang='lat' dir='ltr'>(uel</span> <span class='ocrx_word' id='word_1_223' title='bbox 258 2714 365 2768; x_wconf 88' lang='lat' dir='ltr'>tyr.)</span> <span class='ocrx_word' id='word_1_224' title='bbox 399 2716 427 2753; x_wconf 83' lang='lat' dir='ltr'>c</span> <span class='ocrx_word' id='word_1_225' title='bbox 455 2710 705 2755; x_wconf 81' lang='lat' dir='ltr'>tirinthius.</span> <span class='ocrx_word' id='word_1_226' title='bbox 724 2725 751 2754; x_wconf 83' lang='lat' dir='ltr'>a</span> <span class='ocrx_word' id='word_1_227' title='bbox 791 2709 1066 2754; x_wconf 82' lang='lat' dir='ltr'>retinentius</span> <span class='ocrx_word' id='word_1_228' title='bbox 1098 2709 1285 2755; x_wconf 75' lang='lat' dir='ltr'>Grotius</span> <span class='ocrx_word' id='word_1_229' title='bbox 1313 2713 1362 2756; x_wconf 91' lang='lat' dir='ltr'>te</span> <span class='ocrx_word' id='word_1_230' title='bbox 1393 2711 1562 2757; x_wconf 80' lang='lat' dir='ltr'>certius</span> <span class='ocrx_word' id='word_1_231' title='bbox 1592 2712 1828 2757; x_wconf 77' lang='lat' dir='ltr'>Bentleius</span> <span class='ocrx_word' id='word_1_232' title='bbox 1858 2715 1907 2758; x_wconf 84' lang='lat' dir='ltr'>te</span> <span class='ocrx_word' id='word_1_233' title='bbox 1959 2717 1979 2773; x_wconf 55' lang='lat' dir='ltr'>j,</span> 
     </span>
    </p>
   </div>
   <div class='ocr_carea' id='block_1_14' title="bbox 135 2768 1218 2873">
    <p class='ocr_par' dir='ltr' id='par_1_23' title="bbox 135 2768 1218 2873">
     <span class='ocr_line' id='line_1_38' title="bbox 135 2768 1218 2826; baseline -0.003 -11"><span class='ocrx_word' id='word_1_234' title='bbox 135 2770 295 2815; x_wconf 79' lang='lat' dir='ltr'>mitius</span> <span class='ocrx_word' id='word_1_235' title='bbox 326 2770 548 2824; x_wconf 71' lang='lat' dir='ltr'>Imhofius</span> <span class='ocrx_word' id='word_1_236' title='bbox 570 2771 585 2826; x_wconf 86' lang='grc' dir='ltr'>ΙΙ</span> <span class='ocrx_word' id='word_1_237' title='bbox 611 2774 692 2813; x_wconf 82' lang='grc'>103</span> <span class='ocrx_word' id='word_1_238' title='bbox 725 2769 858 2813; x_wconf 92' lang='lat' dir='ltr'>cedet</span> <span class='ocrx_word' id='word_1_239' title='bbox 887 2771 925 2811; x_wconf 78' lang='lat' dir='ltr'>A</span> <span class='ocrx_word' id='word_1_240' title='bbox 955 2772 1005 2812; x_wconf 79' lang='lat' dir='ltr'>c:</span> <span class='ocrx_word' id='word_1_241' title='bbox 1037 2768 1162 2813; x_wconf 89' lang='lat' dir='ltr'>cedit</span> <span class='ocrx_word' id='word_1_242' title='bbox 1189 2783 1218 2812; x_wconf 77' lang='lat' dir='ltr'>a</span> 
     </span>
     <span class='ocr_line' id='line_1_39' title="bbox 253 2827 897 2873; baseline -0.003 0"><span class='ocrx_word' id='word_1_243' title='bbox 253 2828 308 2873; x_wconf 89' lang='lat' dir='ltr'>V.</span> <span class='ocrx_word' id='word_1_244' title='bbox 345 2828 549 2873; x_wconf 78' lang='lat' dir='ltr'>Titulum</span> <span class='ocrx_word' id='word_1_245' title='bbox 580 2842 634 2872; x_wconf 79' lang='lat' dir='ltr'>ex</span> <span class='ocrx_word' id='word_1_246' title='bbox 664 2831 702 2870; x_wconf 83' lang='lat' dir='ltr'>A</span> <span class='ocrx_word' id='word_1_247' title='bbox 734 2831 762 2869; x_wconf 80' lang='lat' dir='ltr'><strong>G</strong></span> <span class='ocrx_word' id='word_1_248' title='bbox 794 2827 897 2872; x_wconf 77' lang='lat' dir='ltr'>dedi</span> 
     </span>
    </p>
   </div>
  </div>
 </body>
</html>
