1988 3106
170 83 245 134 80
788 81 838 125 Ρ.
870 80 1097 124 PAPINII
1127 79 1325 123 STATII

174 200 414 269 Munera,
451 203 811 268 uenturosque
847 202 972 252 tuus
1012 199 1226 251 durabit
1261 198 1319 250 in
1357 215 1527 250 annos

174 275 260 327 Me
299 276 632 326 monstrante
672 272 838 325 dolor.
890 290 1061 341 neque
1101 272 1243 323 enim
1280 271 1413 323 mihi
1448 270 1576 322 flere
1615 273 1893 338 parentem

170 345 443 417 Ignotum,
484 346 672 399 similis
713 346 892 414 gemui
930 350 978 398 et
1011 346 1280 413 proiectus
1319 343 1387 396 ad
1423 344 1593 411 ignes.
1882 357 1939 396 40

174 421 272 473 Ille
310 420 444 472 mihi
480 423 574 471 tua
613 419 808 470 damna
846 419 957 470 dies
996 435 1329 486 compescere
1368 420 1527 468 cantu

176 493 389 557 Suadet,
428 496 483 544 et
519 493 632 560 ipse
669 492 772 543 tuli
810 510 941 560 quos
979 509 1121 543 nunc
1158 491 1259 542 tibi
1297 489 1510 543 confero
1551 492 1784 558 questus.

175 566 303 620 Non
340 567 443 618 tibi
482 566 626 617 clara
665 565 892 633 quidem,
931 565 1109 617 senior
1145 563 1520 632 placidissime,
1560 562 1733 630 gentis

174 637 342 691 Linea
379 657 476 691 nec
513 638 729 706 proauis
770 638 1059 690 demissum
1099 640 1338 703 stemma,
1378 635 1471 687 sed
1507 636 1698 703 ingens

177 711 456 781 Suppleuit
491 712 709 764 fortuna
748 728 916 780 genus
955 711 1273 779 culpamque
1312 711 1598 777 parentum
1884 721 1940 761 45

178 785 434 838 Occuluit.
487 802 587 837 nec
626 785 768 836 enim
808 784 1052 836 dominos
1092 784 1156 835 de
1193 783 1348 850 plebe
1385 781 1574 849 tulisti,

177 858 281 911 Sed
320 859 512 928 quibus
553 876 771 910 occasus
811 857 1014 925 pariter
1050 856 1344 908 famulatur
1382 858 1436 906 et
1474 857 1640 907 ortus,

177 931 291 985 Nec
328 931 501 1000 pudor
536 931 639 983 iste
677 931 799 983 tibi:
839 930 964 999 quid
1003 930 1147 981 enim
1183 929 1446 996 terrisque
1485 928 1713 996 poloque

176 1005 408 1057 Parendi
448 1005 561 1056 sine
599 1005 716 1072 lege
756 1003 974 1055 manet?
1027 1004 1142 1054 uice
1182 1004 1374 1054 cuncta
1412 1004 1672 1070 reguntur

178 1078 517 1146 Alternisque
556 1080 821 1144 premunt.
873 1076 1104 1144 propriis
1146 1075 1244 1127 sub
1264 1074 1498 1143 ·regibus
1539 1074 1712 1126 omnis
1886 1087 1942 1128 50

178 1152 364 1218 Terra3
404 1151 597 1218 premit
634 1150 762 1202 felix
798 1166 986 1218 regum
1026 1148 1328 1200 diademata
1365 1146 1560 1214 Roma3

176 1224 334 1276 Hanc
373 1223 592 1275 ducibus
631 1223 842 1275 frenare
882 1223 1088 1290 datum3
1128 1239 1253 1273 mox
1290 1221 1477 1272 crescit
1513 1220 1571 1271 in
1608 1220 1730 1273 illos

175 1294 467 1365 Imperium
507 1297 726 1364 superis,
778 1296 870 1347 sed
906 1295 1109 1347 habent
1145 1296 1200 1346 et
1237 1293 1459 1346 numina
1496 1294 1692 1361 legem:

179 1369 356 1423 Seruit
394 1373 448 1422 et
486 1373 755 1421 astrorum
793 1369 948 1420 uelox
987 1368 1178 1419 chorus
1217 1370 1271 1418 et
1306 1384 1449 1436 uaga
1487 1367 1653 1418 seruit
1947 1412 1950 1416 ,

178 1443 333 1495 Luna
370 1460 468 1494 nec
506 1443 741 1494 iniussae
778 1442 978 1493 totiens
1015 1441 1154 1492 redit
1191 1439 1367 1492 orbita
1403 1439 1553 1491 lucis.
1887 1451 1959 1509 55(

179 1515 281 1584 Sic,
318 1516 475 1568 modo
517 1516 564 1567 si
601 1515 683 1567 fas
724 1517 806 1566 est
844 1531 1069 1581 aequare
1107 1513 1337 1565 iacentia
1376 1512 1612 1579 summiS,
1946 1524 1957 1534 ²

178 1589 408 1641 Pertulit
446 1591 500 1640 ct
538 1588 684 1640 saeui
722 1587 1038 1654 Tirynthius
1075 1586 1293 1638 horrida
1328 1586 1471 1654 regis

177 1661 358 1729 Pacta,
396 1679 495 1713 nec
535 1661 748 1713 erubuit
782 1660 1096 1711 famulantis
1133 1658 1315 1711 fistula
1352 1658 1569 1710 Phoebi.
1923 1671 1957 1722 ζ

179 1734 283 1787 Sed
320 1752 490 1803 neque
530 1733 822 1786 barbaricis
861 1732 1015 1784 Latio
1054 1732 1416 1784 transmissus‘
1442 1732 1508 1783 ab
1550 1731 1679 1784 oris:

181 1807 407 1876 Smyrna
443 1808 544 1859 tibi
583 1806 781 1875 gentile
820 1806 993 1858 solum
1030 1808 1293 1873 potusque
1332 1805 1563 1856 uerendo
1888 1816 1959 1858 ὅθί

181 1881 285 1933 016
324 1880 492 1932 Μ6168
533 1878 824 1947 Hermique
862 1879 1075 1941 uadum,
1114 1895 1218 1947 quo
1257 1877 1456 1945 Lydius
1494 1878 1666 1928 intrat
1926 1891 1957 1940 fig

180 1953 422 2006 Bacchus
464 1955 517 2004 et
556 1956 745 2005 aurato
785 1951 954 2003 reficit
995 1970 1091 2003 sua
1129 1969 1329 2002 cornua
1365 1951 1510 2002 limo.
1940 1959 1955 2018 ξ

179 2027 344 2079 Laeta
382 2026 569 2078 dehinc
607 2026 766 2077 series
805 2024 1071 2092 uariisque
1111 2042 1174 2076 ex
1212 2023 1392 2076 ordine
1431 2023 1569 2075 curis
1924 2032 1954 2085 5}

180 2101 384 2152 Auctus
422 2099 616 2164 honos3
665 2115 979 2166 semperque
1017 2097 1214 2166 gradus
1241 2115 1419 2164 prope
1455 2096 1698 2165 numina,
1738 2114 1959 2164 semper„

182 2172 500 2226 Caesareum
539 2173 764 2224 coluisse
802 2172 944 2222 latus
985 2171 1253 2238 sacrisque
1291 2170 1510 2222 deorum
1888 2180 1958 2234 651

299 2363 356 2402 40
388 2357 559 2401 similes
585 2382 639 2389 —
663 2357 795 2413 ignes
828 2357 918 2411 (uel
948 2356 1148 2400 similem
1173 2383 1227 2388 —
1251 2357 1427 2412 ignem)
1462 2357 1660 2402 Marma
1699 2356 1941 2400 similis—-

180 2419 339 2474 ignem
371 2422 398 2458 C
430 2432 457 2458 a.
483 2417 489 2471 Ι
518 2414 673 2471 gemui
703 2419 761 2458 A·
793 2415 932 2471 genui
961 2416 1034 2458 uel
1064 2414 1238 2471 gemini
1268 2419 1296 2456 c
1324 2417 1330 2471 Ι
1366 2417 1413 2458 et
1440 2420 1542 2469 post
1571 2415 1727 2471 gemui
1757 2415 1944 2470 inserui,

181 2481 286 2520 ante
316 2475 479 2519 similis
507 2474 679 2518 Markl.
704 2475 718 2529 ss
742 2478 797 2516 45
822 2474 1067 2529 labemque
1098 2475 1342 2528 parentum
1373 2472 1651 2517 Schraderus
1673 2475 1688 2528 ΙΙ
1712 2478 1766 2516 47
1799 2474 1951 2517 famu-2

180 2536 305 2579 latur
328 2538 365 2576 A
391 2537 440 2576 ςε
472 2533 758 2575 famulantur
781 2536 809 2573 c
832 2533 847 2588 ΙΙ
870 2537 925 2574 49
952 2533 1116 2575 cuncta
1154 2534 1374 2586 geruntur
1398 2536 1426 2573 c
1450 2547 1489 2586 a,
1515 2546 1627 2576 corr.
1654 2532 1901 2575 Geuartius

181 2598 238 2637 50
269 2594 487 2649 premunt
517 2595 554 2633 A
585 2595 634 2633 c:
674 2596 842 2647 regunt
872 2589 1116 2633 Liuineius
1152 2591 1168 2646 fl
1207 2595 1261 2633 55
1292 2589 1455 2634 iniussi
1485 2615 1540 2621 -—
1574 2589 1694 2634 Solis
1728 2591 1899 2634 MarkL

183 2657 238 2696 56
273 2651 349 2695 Sic
379 2651 565 2705 scripsi:
595 2648 657 2692 Et
688 2654 716 2690 c
740 2650 803 2702 al'
829 2652 882 2691 58
914 2649 1046 2692 Iussa
1071 2649 1242 2692 Markl.
1269 2650 1283 2704 ΙΙ
1309 2654 1364 2692 60
1388 2648 1590 2704 genitale
1623 2648 1922 2692 Schraderus

182 2716 236 2754 61
272 2708 361 2753 Ore
400 2710 490 2762 (uel
526 2707 728 2751 uerenda
757 2707 946 2762 Fronte)
984 2708 1170 2762 scripsi:
1214 2707 1360 2750 Fonte
1393 2711 1421 2748 c
1453 2722 1480 2748 a
1515 2708 1531 2763 ΙΙ
1571 2711 1627 2750 64
1664 2707 1814 2762 gradu
1845 2712 1873 2748 c
1904 2717 1950 2762 q

181 2782 296 2812 corr.
331 2768 629 2824 Peyraredus.
662 2765 795 2823 gradi
829 2766 1064 2809 Meursius
