1976 3094
639 162 980 211 THEBAIDOS
1010 163 1121 211 LIB.
1156 165 1209 211 V.
1662 167 1766 221 127

80 285 344 358 Contigit3
384 285 664 341 infandum
703 291 866 341 natae
906 287 1175 341 concessit
1212 287 1488 342 honorem.

50 360 394 436 ,Accelerate
432 359 642 431 fugam,
679 363 868 431 tuque,
907 379 938 415 o
971 379 1092 415 mea
1132 360 1297 432 digna
1333 380 1602 434 propage,

77 434 197 490 Hac
234 451 383 507 rege,
420 434 599 507 virgo,
636 436 870 504 patrem,
911 435 1117 505 gemini
1157 454 1264 506 qua
1301 436 1555 491 bracchia
1594 437 1734 491 muri

75 508 229 564 Litus
270 510 422 564 eunt:
459 508 579 579 illa,
619 527 725 579 qua
762 527 878 563 rere
920 509 1161 579 silentia,
1201 513 1360 579 porta
1684 525 1771 567 280

76 582 200 639 Stat
235 581 455 638 funesta
491 581 677 638 Venus
716 583 968 653 ferroque
1008 583 1247 637 accincta
1285 583 1527 639 furentes

75 657 316 712 Adiuvat
353 653 520 730 (unde
558 676 773 728 manus,
813 658 954 712 unde
992 658 1127 712 haec
1166 657 1436 713 Mavortia
1474 659 1628 713 divae

73 729 383 802 Pectora?):
422 734 484 786 tu
522 732 637 787 lato
715 735 888 786 atrem
927 733 1205 786 committe
1245 733 1526 803 profundo,

76 803 368 861 Succedam
407 804 605 861 curis.''
710 810 769 860 ta
806 806 953 861 fatus
993 807 1051 859 in
1091 825 1216 860 aera
1258 825 1445 860 rursus

75 877 317 935 Solvitur
356 882 411 934 et
446 883 718 949 nostrum,
761 881 910 935 visus
951 881 1262 935 arcentibus
1301 881 1529 951 umbris,
1680 895 1766 937 285

71 952 221 1009 Mitis
261 954 368 1009 iter
406 954 603 1026 longae
643 955 869 1010 claravit
907 955 1083 1009 limite
1124 955 1387 1010 fiammae.

74 1028 194 1093 Qua
232 1028 359 1084 data
397 1029 577 1100 signa,
617 1046 832 1100 sequor3
874 1028 998 1083 dein
1037 1047 1198 1083 curvo
1236 1030 1432 1084 robore
1473 1030 1709 1084 clausum

70 1100 170 1157 Dis
208 1102 393 1174 pelagi
431 1103 716 1174 ventisque
756 1106 811 1156 et
850 1101 1113 1174 Cycladas
1154 1103 1437 1174 Aegaeoni

71 1175 339 1248 Amplexo
379 1178 696 1232 commendo
736 1181 969 1248 patrem,
1008 1195 1108 1231 nec
1147 1178 1366 1232 fletibus
1406 1196 1660 1248 umquam

16 1263 17 1267 ’
73 1249 157 1304 Sit
195 1251 387 1306 modus
427 1252 671 1322 alternis,
709 1252 769 1305 ni
806 1252 916 1305 iam
955 1251 1198 1305 dimittat
1234 1252 1353 1307 Eoo
1677 1266 1765 1308 290

60 1324 285 1390 ¹Lucifer
323 1329 473 1380 astra
510 1326 653 1396 polo,
729 1325 882 1379 Tunc
922 1326 1137 1379 demum
1181 1326 1341 1380 litore
1380 1345 1543 1382 rauco

58 1398 248 1466 gMulta
287 1403 436 1453 metu
473 1403 731 1471 reputans
772 1402 827 1453 et
865 1400 955 1454 vix
995 1400 1198 1454 confisa
1236 1399 1415 1470 Lyaeo

57 1473 319 1545 Uividor,
357 1474 478 1545 ipsa
515 1474 690 1546 gradu
727 1474 964 1545 nitente,
1005 1474 1095 1528 sed
1138 1475 1299 1528 anxia
1337 1479 1481 1529 retro

69 1545 320 1620 Pectora,
357 1566 458 1602 nec
496 1549 731 1619 requieS,
771 1549 901 1618 quin
941 1552 996 1603 et
1035 1550 1317 1619 surgentia
1356 1550 1504 1603 caelo

69 1620 316 1677 Flamina
347 1625 402 1677 et
431 1640 460 1676 e
492 1624 701 1677 cunctis
741 1627 1084 1693 prospectem
1123 1623 1354 1677 collibus
1395 1623 1579 1677 undas.
1676 1637 1762 1678 295

69 1694 328 1751 Exoritur
364 1696 679 1767 pudibunda
716 1697 855 1768 dies,
894 1698 1210 1768 caelumque
1250 1701 1499 1751 retexens

70 1769 341 1824 Aversum
378 1770 583 1826 Lemno
623 1772 780 1826 iubar
819 1775 874 1825 et
912 1772 1147 1826 declinia
1185 1771 1347 1826 Titan

70 1844 337 1914 Opposita
373 1845 502 1916 iuga
530 1846 672 1900 nube
711 1846 892 1901 refert.
954 1846 1184 1900 Patuere
1222 1847 1433 1901 furores

67 1917 360 1989 Nocturni,
394 1919 639 1989 lucisque
677 1939 848 1974 novae
878 1920 1168 1975 formidine
1208 1921 1419 1975 cunctis

69 1990 436 2063 (Quamquam
451 1992 592 2047 inter
609 1991 835 2065 similes)
855 1995 1064 2048 subitus
1081 1995 1276 2065 pudor3
1296 1996 1465 2065 impia
1481 1998 1658 2049 terrae
1676 2009 1763 2050 300

67 2066 349 2120 Infodiunt
388 2068 590 2121 scelera
630 2071 724 2121 aut
762 2068 976 2122 festinis
1015 2069 1234 2139 ignibus
1273 2073 1452 2122 urunt.

67 2139 187 2194 Iam
226 2159 416 2197 manus
455 2140 818 2196 Eumenidum
857 2145 1149 2212 captasque
1188 2141 1467 2212 refugerat
1506 2161 1654 2197 arces

68 2212 402 2270 Exsaturata
439 2214 650 2286 Venus3
686 2216 841 2270 licuit
880 2216 1104 2287 sentire,
1143 2216 1271 2287 quid
1311 2235 1496 2286 ausae,

188 2359 288 2400 277.
324 2353 588 2399 ‘infandum
620 2381 676 2389 —
707 2354 951 2399 honorem'
988 2354 1136 2400 Serv.
1171 2355 1231 2399 ad
1261 2355 1377 2402 Aen.
1410 2355 1496 2401 VII
1526 2360 1628 2401 306.

29 2457 46 2572 ᾗ
187 2484 274 2525 280
305 2493 407 2525 rere
438 2485 506 2524 rb
551 2493 659 2525 rara
687 2480 880 2525 romu
901 2483 917 2539 ss
941 2487 1027 2528 289
1059 2482 1293 2539 Amplexu
1317 2487 1349 2525 r
1372 2484 1388 2540 ιι
1412 2486 1498 2527 290
1529 2480 1608 2526 Fit
1630 2482 1759 2528 codd.

30 2562 35 2582 ;
70 2537 143 2584 Sit
176 2553 289 2586 corr.
342 2539 602 2586 Gronovius
638 2541 654 2597 Ι]
697 2545 781 2585 291
821 2542 934 2586 tunc
971 2546 1049 2585 PG
1085 2542 1198 2588 Beh.
1253 2543 1355 2586 tum
1392 2546 1481 2585 Bu
1527 2555 1631 2586 cum
1670 2545 1713 2584 Η
1746 2542 1764 2600 Η

29 2606 45 2645 '15
69 2603 154 2644 293
183 2600 365 2645 nitente
407 2599 490 2644 secl
528 2599 668 2644 anxia
696 2605 730 2643 P
760 2601 871 2646 Beh.
913 2603 972 2647 al.
1003 2616 1061 2647 m.
1095 2619 1125 2658 g
1152 2616 1224 2659 pr.
1262 2617 1318 2648 m.
1361 2603 1440 2659 (al.
1473 2616 1530 2648 m.
1564 2602 1670 2646 add.
1704 2601 1761 2657 ἀ)

33 2657 221 2703 'nitens
261 2658 344 2704 sed
383 2660 432 2703 et
470 2658 611 2703 anxia
640 2659 796 2703 Rom
832 2659 988 2705 nitens
1029 2661 1112 2705 sed
1153 2661 1291 2705 anxia
1323 2666 1349 2703 8
1379 2675 1455 2718 pr.
1490 2675 1546 2705 m.
1591 2661 1667 2717 (al.
1701 2674 1760 2704 m.

31 2718 40 2759 .’
67 2718 172 2765 add.
207 2719 271 2776 et)
303 2718 459 2763 nitens
493 2721 736 2776 (suprascr.
769 2721 792 2763 t
819 2719 1010 2777 nitenti)
1043 2737 1067 2764 r
1104 2723 1120 2778 fl
1160 2726 1246 2766 295
1280 2733 1305 2765 e
1334 2734 1418 2766 om.
1451 2725 1520 2762 ΡΒ
1545 2733 1621 2777 pr.
1655 2732 1711 2763 m.
1756 2720 1762 2777 Ι

32 2770 37 2809 ¹,
69 2779 154 2823 297
185 2777 447 2823 Aduersum
477 2783 596 2834 PpH
625 2779 736 2824 Beh.
772 2779 810 2823 δ’
837 2781 843 2836 Ι
871 2779 1161 2825 declinantia
1190 2785 1223 2823 1²
1249 2779 1452 2823 decliuia
1476 2782 1559 2821 ΤΗ
1581 2778 1694 2824 Beh.

32 2858 37 2883 ι
68 2835 176 2941 gul}
213 2838 231 2894 ss
267 2842 354 2940 {Po
384 2838 576 2883 habitus
608 2839 732 2886 codd.
767 2839 947 2884 subitus
980 2854 1094 2886 corr.
1128 2841 1365 2886 Bentleius
1407 2841 1414 2895 Ι
1455 2837 1608 2895 pudor
1639 2841 1761 2881 1²61·

35 2905 37 2910 ·
116 2908 137 2940 e
168 2931 178 2943 .
223 2910 279 2942 ru
313 2911 365 2942 or
395 2899 588 2942 BG2811
