2020 3106
289 182 361 235 20
869 178 918 225 Ρ.
949 178 1182 224 PAPINII
1213 178 1405 225 STATII

285 302 580 356 Cunctatur
619 300 862 369 proferre
901 305 1129 370 patrem.
1205 301 1357 355 Tunc
1395 301 1543 356 mitis
1583 300 1875 355 Adrastus:

284 377 485 429 ‘Immo
527 375 698 444 agite,
738 377 793 428 et
830 376 1046 445 positis,
1086 394 1220 445 quas
1257 393 1366 428 nox
1404 375 1726 445 inopinaque
1767 376 1938 430 suasit

288 453 401 504 Aut
439 450 610 502 virtus
653 452 747 502 aut
786 449 888 520 ira,
926 450 1087 503 minis
1129 450 1395 503 succedite
1433 453 1595 503 tect0.
1993 464 1997 469 ⁴

281 525 399 577 Iam
438 523 645 607 pariter
685 527 876 577 coeant
916 525 1220 577 animorum
1258 525 1316 577 in
1354 524 1585 593 pignora
1619 524 1854 577 dextrae.
1885 537 1973 578 470

281 598 408 652 Non
446 598 579 650 haec
618 598 890 650 incassum
929 599 1173 668 divisque
1213 598 1528 652 absentibus
1569 601 1711 667 acta3

281 673 494 726 Forsan
533 674 587 723 et
623 671 723 724 has
762 676 1022 726 venturus
1065 691 1217 726 amor
1254 672 1596 742 praemiserit
1633 672 1763 742 iras,

282 746 359 800 Ut
398 745 709 799 meminisse
749 746 938 800 iuvet.'
979 746 1094 801 Nec
1131 765 1273 800 vana
1310 764 1440 800 voce
1479 747 1690 799 locutus
1995 804 1998 818 ,Ι

281 821 420 875 Fata
445 839 621 889 seneX,
647 820 911 889 siquidem
927 821 1068 874 hanc
1085 821 1372 890 perhibent
1386 824 1513 890 post
1531 821 1758 874 vulnera
1775 821 1973 874 iunctis
1991 824 1998 881 ζ

279 895 417 948 Esse
457 895 641 963 fidem,
681 898 884 963 quanta
922 896 1185 965 partitum
1227 897 1467 948 extrema
1505 897 1759 964 protervo
1885 908 1972 948 475

281 969 493 1022 Thesea
532 968 800 1039 Pirithoo,
839 970 927 1023 vel
965 971 1181 1023 inanem
1220 969 1416 1022 mentis
1457 967 1685 1022 Oresten

281 1042 547 1113 Opposito
587 1043 835 1096 rabidam
873 1043 1076 1113 Pylade
1116 1043 1318 1096 vitasse
1357 1042 1685 1111 Megaeram.

280 1117 433 1170 Tunc
473 1135 684 1186 quoque
724 1118 1051 1171 mulcentem
1090 1117 1247 1170 dictis
1288 1117 1450 1170 corda
1490 1135 1682 1185 aspera
1719 1133 1904 1186 regem

278 1191 395 1244 Iam
436 1191 623 1244 faciles
665 1190 864 1261 (ventis
903 1195 966 1245 ut
1006 1192 1284 1245 decertata
1321 1191 1566 1244 residunt

279 1266 556 1335 Aequora,
595 1266 898 1336 laxatisque
939 1266 1030 1319 diu
1069 1266 1290 1318 tandem
1329 1284 1461 1328 aura
1501 1267 1772 1334 superstes
1886 1277 1996 1318 480,

278 1339 597 1393 Immoritur
635 1338 795 1411 velis)
837 1340 985 1409 passi
1024 1340 1234 1393 subiere
1273 1342 1512 1408 penates

354 1414 459 1467 Hic
498 1414 735 1482 primum
774 1415 1010 1468 lustrare
1051 1414 1219 1467 oculis
1260 1415 1544 1482 cultusque
1583 1413 1824 1466 virorum

281 1488 522 1557 Telaque
562 1505 766 1557 magna
804 1492 986 1543 vacat:
1026 1491 1185 1558 tergo
1224 1487 1372 1541 videt
1411 1487 1568 1540 huius
1609 1486 1826 1540 inanem

279 1561 499 1632 Inpexis
538 1562 810 1631 utrimque
849 1563 993 1616 iubis
1034 1562 1254 1616 horrere
1293 1563 1528 1630 leonem,

278 1635 432 1688 Illius
473 1637 532 1688 in
572 1636 828 1706 speciem,
867 1655 1024 1706 quem
1063 1655 1161 1706 per
1201 1635 1487 1689 Teumesia
1525 1638 1706 1719 tempe
1887 1648 1944 1688 48
1986 1644 1995 1688 ’ἶ

279 1710 802 1779 Amphitryoniades
842 1711 1074 1764 fractum
1112 1710 1454 1763 iuvenalibus
1495 1709 1651 1762 annis

280 1784 424 1837 Ante
466 1782 720 1839 Cleonaei
757 1785 985 1838 vestitus
1025 1784 1236 1854 proelia
1275 1783 1520 1837 monstri.

282 1858 576 1911 Terribiles
618 1863 806 1912 contra
847 1859 1011 1912 saetis
1054 1877 1116 1912 ac
1158 1859 1316 1912 dente
1356 1875 1579 1911 recurvo

282 1933 467 2001 Tydea
504 1950 602 2000 per
642 1933 783 1987 latos
823 1951 1039 1986 umeros
1081 1933 1287 1986 ambire
1326 1932 1581 1984 laborant

280 2006 546 2074 Exuviae,
586 2004 877 2077 Calydonis
916 2008 1105 2061 honos,
1177 2007 1372 2075 Stupet
1413 2005 1591 2059 omine
1629 2009 1787 2059 tanto
1887 2018 1973 2058 490

280 2080 504 2134 Defixus
545 2082 747 2151 senior,
787 2081 970 2134 divina
1010 2082 1228 2135 oracula
1269 2080 1477 2133 Phoebi

1982 1375 2001 1446 t}

401 2247 488 2287 483
515 2257 581 2298 sq.
619 2243 779 2300 ‘tergo
807 2269 861 2275 —
886 2241 1096 2286 leonem'
1134 2240 1308 2286 schol.
1342 2240 1486 2285 Theb.
1519 2239 1584 2284 VI
1617 2244 1701 2284 722
1732 2254 1777 2296 p.
1811 2244 1897 2284 227
1922 2238 1970 2282 L.

399 2395 484 2435 468
526 2403 645 2444 quae
683 2390 848 2434 P13¹er
886 2393 900 2447 ss
939 2395 1026 2434 470
1073 2390 1142 2448 111]
1186 2404 1244 2434 311
1281 2390 1349 2434 vel
1387 2389 1441 2432 ut
1477 2388 1814 2440 Baehrensius,
1861 2388 1973 2432 delet

278 2450 606 2494 Lachmannus
629 2451 644 2506 ΙΙ
668 2454 754 2493 472
780 2448 997 2492 Forsitan
1018 2454 1051 2491 P
1079 2452 1084 2505 Ι
1111 2447 1420 2504 praemiserat
1442 2447 1598 2490 Bam
1620 2448 1635 2503 ΙΙ
1660 2451 1746 2491 474
1768 2460 1852 2504 per
1874 2446 1972 2490 vul-

279 2522 393 2553 nera
437 2514 469 2551 P
505 2512 511 2565 Ι
545 2509 754 2552 iunctam
799 2509 1108 2552 Baehrensius
1148 2511 1162 2566 Η
1201 2512 1287 2552 475
1335 2507 1431 2551 Isse
1482 2506 1708 2551 Gruterus
1734 2508 1740 2562 Ι
1768 2462 1976 2564 quantas]

283 2570 530 2625 (suprascr.
563 2570 584 2610 1
617 2568 813 2624 quantu)
845 2572 877 2609 P
900 2570 916 2623 ΙΙ
939 2571 1026 2612 478
1057 2566 1292 2611 mulcente
1323 2571 1392 2609 ΡΒ
1421 2569 1426 2621 Ι
1453 2579 1564 2622 rege
1593 2570 1666 2608 ΡΒ
1689 2567 1704 2621 ΙΙ
1728 2570 1813 2609 479
1844 2565 1975 2608 facili

279 2628 584 2672 Burmannus
607 2628 623 2682 11
646 2631 732 2670 480
765 2626 957 2670 tandem
989 2627 1278 2684 Peyraredus
1308 2627 1467 2669 tamen
1497 2626 1623 2669 codd.
1656 2625 1672 2680 ΙΙ
1703 2629 1787 2668 481
1831 2638 1973 2681 passu

279 2688 559 2731 Bernartius
611 2685 741 2742 pacti
792 2685 981 2730 Grotius
1026 2687 1041 2742 ΙΙ
1087 2690 1173 2730 486
1220 2684 1518 2729 iuuenalibus
1571 2683 1737 2726 PB¹G2
1782 2698 1859 2740 pr.
1913 2695 1970 2729 m.

281 2789 568 2833 iuuenilibus
599 2793 633 2831 B
665 2790 724 2835 al.
758 2804 814 2833 m.
849 2789 907 2832 (32
935 2803 1016 2833 sec.
1049 2803 1105 2832 m.
1138 2793 1182 2831 Μ
1212 2788 1461 2832 iuuenibus
1491 2803 1516 2830 r
1545 2789 1560 2844 ΙΙ
1591 2792 1677 2832 487
1709 2745 1910 2831 17311131ἒὲ18·
1939 2791 1972 2829 P

281 2849 482 2892 vestitur
511 2850 666 2891 BG2M
689 2850 703 2905 Η
727 2853 813 2893 488
837 2846 1078 2892 Terribilis
1103 2853 1135 2890 P
1158 2850 1174 2904 ΙΙ
1197 2853 1283 2893 490
1307 2846 1487 2907 Exubie
1512 2851 1544 2889 P
1567 2849 1582 2904 ΙΙ
1606 2851 1690 2892 491
1719 2845 1970 2902 divinaque

283 2913 358 2950 GT
390 2907 641 2962 divinaque
674 2909 882 2952 carmina
911 2907 1215 2953 Burmannus
