1976 3094
668 134 1010 183 THEBAIDOS
1041 135 1151 183 LIB.
1184 135 1263 183 IV.
1745 138 1816 192 93

128 261 272 316 Hinc
311 262 472 332 atque
510 258 635 313 inde
675 275 858 313 morae
897 258 1113 327 iaculis,
1154 261 1208 312 et
1245 257 1420 312 ferrea
1458 276 1618 313 curru
1733 272 1818 314 220

129 335 280 394 Silva
316 334 525 403 tremit3
563 333 751 403 procul
790 332 905 402 ipse
946 332 1101 402 gravi
1140 331 1459 387 metuendus
1498 333 1555 386 in
1594 332 1753 387 hasta

33 447 35 451 -
129 409 351 465 Eminet
389 410 443 463 et
481 407 651 478 clipeo
691 406 893 461 victum
932 406 1184 477 Pythona
1224 410 1483 462 coruscat.

127 483 303 540 Huius
341 482 663 554 Apollineae
703 499 915 535 currum
957 481 1287 535 comitantur
1328 481 1611 551 Amyclae,

126 558 274 623 Quos
311 556 479 612 Helos
519 558 575 611 et
612 555 788 610 dubiis
828 555 1009 610 Malea
1050 556 1226 609 vitata
1265 556 1463 610 carinis

129 631 523 703 Plaudentique
561 630 772 685 habiles
813 629 1017 700 Caryae
1057 648 1312 684 resonare
1351 629 1583 699 Dianae,
1734 642 1820 682 225

127 706 274 771 Quos
307 702 500 761 Pharis
532 705 919 775 volucrumque
951 722 1146 774 parens
1181 702 1472 774 Cythereia
1503 703 1704 773 Messe,

779 798 808 830 *
959 798 987 830 *
1138 797 1167 829 *

132 854 469 927 Taygetique
507 854 746 925 phalanx
785 856 840 907 et
878 852 1116 907 oloriferi
1155 851 1396 907 Eurotae

128 929 278 984 Dura
315 947 524 984 manus.
600 927 748 982 Deus
792 929 909 999 ipse
948 927 1091 981 viros
1131 927 1190 980 in
1229 927 1446 997 pulvere
1485 926 1649 982 crudo

128 1004 299 1059 Arcas
339 1004 441 1058 alit
477 1002 759 1073 nudaeque
798 1002 986 1057 modos
1026 1001 1245 1055 virtutis
1287 1005 1341 1055 et
1379 1002 1487 1055 iras

127 1077 439 1150 Ingenerat3
478 1078 638 1150 vigor
676 1076 800 1131 inde
841 1076 1036 1131 animis
1078 1080 1133 1130 et
1172 1075 1365 1129 mortis
1403 1075 1644 1130 honorae
1737 1089 1824 1129 230

130 1151 302 1207 Dulce
342 1170 570 1207 sacrum.
647 1150 897 1206 Gaudent
935 1153 1189 1204 natorum
1227 1149 1345 1204 fata
1383 1154 1636 1220 parentes

129 1226 542 1297 Hortanturque
581 1226 743 1295 mori,
782 1226 981 1280 deflent
1027 1225 1240 1294 iamque
1281 1225 1457 1278 omnis
1498 1224 1768 1295 ephebum

132 1300 338 1372 Turba,
377 1303 638 1356 coronato
679 1303 935 1354 contenta
975 1302 1057 1353 est
1094 1299 1281 1353 funere
1322 1302 1512 1352 mater.

130 1374 306 1430 Frena
343 1378 531 1430 tenent
570 1374 871 1445 duplexque
911 1375 1114 1428 inserto
1154 1372 1359 1426 missile
1394 1372 1536 1426 nodo
1547 1414 1562 1442 ,

130 1448 321 1506 Exerti
359 1450 606 1521 ingentes
645 1467 862 1503 umeros
871 1491 885 1518 ,
926 1448 1173 1517 chlamys
1212 1447 1433 1500 horrida
1471 1446 1694 1517 pendet,
1740 1459 1826 1500 235

130 1522 206 1578 Et
244 1542 377 1579 cono
416 1522 658 1578 Ledaeus
699 1542 847 1593 apex,
925 1521 1050 1577 Non
1090 1521 1149 1575 hi
1188 1521 1292 1574 tibi
1331 1522 1529 1591 solum,

132 1597 486 1669 Amphiarae,
525 1601 755 1653 merent:
795 1600 957 1668 auget
994 1595 1252 1666 resupina
1291 1595 1561 1665 maniplos

132 1671 274 1743 Elis,
312 1671 596 1743 depressae
635 1672 870 1743 populus
911 1671 1059 1726 subit
1097 1669 1279 1725 incola
1316 1669 1497 1739 Pisae,

135 1745 239 1810 Qui
276 1749 352 1815 te,
389 1747 551 1818 flave,
589 1749 783 1801 natant
820 1746 1004 1815 terriS,
1043 1744 1275 1815 Alphee,
1315 1742 1527 1798 Sicanis

135 1819 387 1891 Advena,
422 1822 536 1876 tam
567 1822 732 1894 longo
765 1839 876 1875 non
907 1838 1165 1891 umquam
1197 1818 1395 1873 infecte
1427 1817 1709 1888 profundo.
1741 1831 1829 1871 240

139 1892 397 1949 Curribus
435 1894 732 1950 innumeris
772 1896 884 1948 late
922 1894 1105 1964 putria
1144 1913 1273 1948 arva
1310 1894 1586 1947 lacessunt

137 1967 212 2022 Et
250 1967 408 2022 bellis
450 1973 694 2023 armenta
732 1969 978 2022 domant:
1020 1987 1083 2022 ea
1122 1968 1303 2039 gloria
1341 1967 1494 2038 genti

139 2041 370 2096 Infando
411 2042 475 2095 de
515 2061 664 2097 more
705 2047 759 2097 et
796 2042 984 2096 fractis
1024 2043 1183 2095 durat
1224 2043 1292 2096 ab
1332 2060 1503 2111 usque

256 2163 357 2205 224.
394 2160 528 2216 ‘quos
555 2185 610 2191 —
637 2157 827 2202 carinis’
864 2157 1041 2203 schol.
1072 2157 1217 2202 sseb.
1256 2156 1359 2201 VIII
1391 2163 1478 2203 365
1510 2172 1554 2214 p.
1587 2162 1675 2202 289
1700 2156 1748 2200 L.
1777 2183 1831 2190 -

139 2223 226 2265 237
252 2233 316 2275 sq.
352 2219 518 2276 ‘auget
542 2245 597 2251 —
622 2216 720 2262 Elis
754 2217 910 2274 (Aeoli
941 2218 1107 2274 codd.)’
1144 2217 1318 2261 schol.
1352 2216 1495 2261 Theb.
1529 2216 1639 2261 Vm
1671 2220 1771 2261 364.

31 2358 40 2363 “
135 2338 264 2395 prob.
316 2336 547 2383 Gronovio
591 2336 867 2394 prensisque
913 2335 1076 2394 iugum
1121 2351 1181 2380 m.
1229 2335 1427 2380 habenis
1474 2335 1789 2381 Marklandus
1821 2340 1823 2350 '

38 2439 43 2448 2
140 2401 239 2444 223
263 2410 354 2456 sqq.
397 2395 465 2453 Gf.
506 2395 643 2443 Hom.
682 2397 748 2442 Il.
788 2397 856 2440 II
894 2400 981 2442 581
1008 2410 1098 2454 sqq.
1131 2398 1148 2454 ss
1182 2401 1278 2465 224.
1299 2394 1435 2453 pylos
1467 2399 1596 2439 1²81
1626 2393 1746 2452 piles
1780 2410 1835 2439 cr

142 2455 312 2514 phylos
345 2459 381 2499 G
418 2454 573 2514 philes
605 2459 658 2500 Η.
702 2457 769 2501 In
806 2456 987 2501 ‘nomine
1017 2456 1227 2501 mendum
1258 2469 1402 2501 messe
1431 2456 1726 2510 manifestum
1757 2460 1833 2508 est,

139 2529 250 2561 nam
283 2516 414 2576 Pylii
444 2529 588 2572 supra
618 2530 658 2561 v.
690 2517 786 2561 125
816 2517 928 2561 duce
959 2516 1323 2572 Hippomedonta
1353 2529 1486 2560 arma
1516 2517 1684 2572 cepisse
1716 2515 1832 2561 dice-

141 2574 334 2631 bamur,
372 2576 538 2632 scripsi
576 2575 722 2632 igitur
760 2589 815 2620 eae
845 2575 981 2620 Hom.
1009 2576 1072 2620 Π.
1100 2575 1169 2618 ΙΙ
1187 2578 1276 2620 584
1306 2573 1451 2618 Helos
1484 2576 1515 2619 i.
1548 2589 1584 2619 e.
1616 2575 1835 2632 oppidum

141 2633 423 2680 Laconicum
450 2636 456 2692 Ι
485 2632 640 2678 ditata
684 2635 816 2681 schol.
867 2634 1006 2679 VIII
1041 2637 1133 2680 365
1173 2635 1305 2691 prob.
1345 2634 1621 2679 Burmmmo
1669 2633 1836 2677 dotata

144 2693 364 2741 Menkius
393 2694 410 2752 ΙΙ
443 2698 529 2738 226
575 2693 688 2738 ‘Hic
725 2707 878 2740 versus
915 2708 1037 2739 unus
1075 2696 1221 2739 deesse
1250 2694 1430 2738 videtur
1462 2693 1791 2738 Lachnmnnus
1822 2741 1826 2748 ⁴

143 2756 230 2798 227
263 2753 311 2798 et
335 2751 544 2798 oloriferi
581 2753 770 2796 PG²EL
810 2754 860 2798 et
898 2752 1100 2799 oliviferi
1137 2757 1226 2795 Bu
1265 2751 1561 2807 oliviferique
1603 2767 1626 2794 c
1656 2751 1769 2797 Beh.
1802 2757 1834 2796 2

148 2812 186 2856 δ
225 2813 274 2858 et
312 2811 612 2869 oloriferique
651 2814 673 2855 t
711 2812 921 2858 olivifer-e
960 2828 984 2856 r
1035 2815 1082 2857 et
1122 2810 1377 2867 oliviferiq3
1418 2827 1449 2866 g
1482 2812 1496 2867 ΙΙ
1536 2816 1620 2856 232
1662 2809 1837 2856 deflent

146 2874 181 2912 1⁸
219 2869 361 2917 deflet
390 2873 523 2919 ceteri
546 2873 561 2928 ΙΙ
584 2876 669 2917 238
703 2871 930 2933 deprensa
963 2877 1045 2917 Ρπ
1068 2874 1085 2929 ΙΙ
1108 2877 1192 2916 241
1226 2870 1382 2928 patria
1412 2876 1443 2913 Ρ
