1976 3094
623 154 965 202 THEBAIDOS
996 154 1105 200 LlB.
1139 153 1260 199 vm.
1680 153 1789 208 215

29 271 32 288 ¹
101 281 190 336 An
227 277 331 335 tibi
369 277 555 333 felices
597 278 746 332 lucos
786 276 1076 331 miseratus
1116 275 1322 330 Averni

101 357 299 411 Rector
337 355 392 407 et
426 351 643 423 Elysias
683 352 833 406 dedit
870 352 1142 405 inservare
1180 347 1463 404 volucres?

101 425 373 498 Quidquid
403 444 484 497 ee,
516 429 764 481 aeternus
789 425 1011 480 Phoebo
1043 425 1197 478 dolor
1227 428 1283 478 et
1312 442 1455 479 nova
1481 422 1661 477 clades
1703 436 1786 477 195

101 503 323 572 Semper
361 501 466 555 eris
505 500 777 570 mutisque
817 500 907 553 diu
946 498 1231 568 plorabere
1270 496 1515 567 Delphis.

98 577 202 633 Hie
241 574 496 629 Tenedon
535 573 885 645 Chrysenque
926 573 1038 627 dies
1078 576 1345 643 partuque
1384 572 1608 643 ligatam

99 651 278 707 Delon
316 652 372 704 et
409 648 613 703 intonsi
652 648 830 702 cludet
867 647 1169 718 penetralia
1207 646 1466 714 Branchi,

98 725 214 781 Nec
253 721 463 778 Clarias
502 722 606 777 hac
642 726 762 777 luce
800 723 946 776 fores
984 720 1393 791 Didymaeaque
1433 721 1717 791 quisquam

98 797 314 855 Limina
350 815 450 852 nec
486 796 710 868 Lyciam
751 797 975 867 supplex
1015 795 1295 850 consultor
1336 794 1522 848 adibit.
1705 807 1790 849 200

99 874 244 939 Quin
284 874 338 925 et
377 871 646 942 cornigeri
684 871 825 926 vatis
866 888 1054 924 nemus
1094 873 1257 939 atque
1295 869 1538 923 Molosso

98 947 338 1012 Quercus
380 945 574 999 anhela
610 944 757 1000 Iovis
799 943 1143 1014 Troianaque
1181 943 1461 1013 Thymbra
1498 943 1716 997 tacebit.

36 1063 37 1082 ᾖ
97 1022 212 1093 Ipsi
251 1037 437 1074 amnes
475 1019 731 1090 ipsaeque
770 1019 958 1073 volent
998 1036 1239 1072 arescere
1279 1018 1489 1085 laurus,

28 1154 29 1166 χ
98 1096 225 1166 Ipse
263 1093 403 1147 nihil
442 1096 643 1148 certum
686 1094 832 1164 sagis
873 1093 1219 1163 clangoribus
1258 1091 1447 1146 aether

98 1168 408 1238 Praeeimt,
448 1170 503 1222 et
539 1168 692 1222 nulla
728 1167 989 1222 ferientur
1028 1166 1096 1220 ab
1137 1166 1268 1221 alite
1306 1164 1492 1220 nubes.
1703 1178 1788 1218 205

98 1243 323 1315 Iamque
363 1241 475 1296 erit
502 1242 598 1296 ille
638 1241 772 1312 dies,
811 1259 918 1311 quo
957 1244 1013 1295 te
1053 1258 1266 1311 quoque
1305 1240 1521 1294 conscia
1558 1239 1687 1293 fatis

97 1317 329 1388 Templa
366 1316 549 1370 colant
585 1316 881 1386 reddatque
918 1318 1044 1370 tuus
1083 1333 1346 1384 responsa
1386 1312 1668 1369 sacerdos?

95 1392 253 1446 Talia
290 1389 516 1445 fatidico
553 1394 826 1461 peragunt
864 1389 1149 1444 sollemnia
1187 1389 1327 1459 regi,

97 1466 213 1522 Ceu
251 1465 498 1519 flammas
538 1482 600 1518 ac
640 1465 783 1519 dona
820 1482 955 1535 rogo
993 1464 1286 1533 tristesque
1324 1462 1622 1532 rependant

97 1539 398 1610 Exsequias
437 1538 698 1610 mollique
738 1539 972 1594 animam
1012 1538 1205 1592 tellure
1244 1541 1523 1607 reponant.
1701 1549 1788 1589 210

98 1614 293 1670 Fracta
331 1611 526 1668 dehinc
565 1614 771 1668 cunctis
812 1630 1107 1683 aversaque
1145 1615 1366 1683 pectora
1404 1611 1565 1667 bello,

98 1687 190 1743 Sic
226 1687 397 1742 fortes
435 1685 651 1757 Minyas
692 1688 874 1742 subito
915 1705 1036 1742 cum
1076 1686 1263 1740 funere
1303 1685 1509 1755 Tiphys

98 1762 388 1830 Destituit,
422 1778 533 1816 non
571 1779 724 1816 arma
763 1763 940 1831 sequi,
978 1780 1087 1816 non
1126 1762 1266 1814 ferre
1304 1760 1518 1814 videtur

101 1835 303 1890 Remus
342 1853 535 1905 aquae,
572 1835 785 1906 ipsique
825 1836 1005 1890 minus
1045 1836 1154 1889 iam
1194 1835 1385 1889 ducere
1424 1835 1589 1888 venti.

98 1909 217 1963 Iam
254 1908 410 1962 fessis
450 1909 656 1978 gemitu
695 1910 962 1979 paulatim
1001 1913 1055 1963 et
1093 1909 1255 1964 corda
1292 1909 1495 1963 levavit
1701 1921 1787 1962 215

99 1983 414 2037 Exhaustus
446 1999 693 2038 sermone
732 1984 888 2038 dolor
934 2002 1146 2053 noxque
1185 1983 1370 2037 addita
1408 2000 1564 2036 curas

100 2057 320 2126 Obruit,
359 2058 414 2109 et
451 2055 629 2110 facilis
667 2058 906 2111 lacrimis
945 2058 1188 2126 inrepere
1228 2075 1465 2111 somnus,

174 2131 251 2184 At
287 2148 400 2184 non
438 2128 714 2185 Sidoniam
755 2131 967 2185 diversa
1005 2131 1063 2184 in
1100 2134 1277 2200 parte,
1293 2149 1390 2199 per
1427 2131 1616 2184 urbem

90 2204 153 2260 ‚N
156 2223 224 2259 ox
264 2204 471 2258 eadem:
508 2206 660 2259 vario
698 2205 1006 2276 producunt
1045 2205 1220 2258 sidera
1258 2204 1386 2258 ludo

101 2279 243 2333 Ante
275 2278 464 2332 domos
496 2280 766 2350 intraque,
798 2281 1052 2349 ipsaeque
1086 2279 1153 2332 ad
1185 2280 1398 2333 moenia
1429 2283 1670 2332 marcent
1701 2291 1787 2332 220

222 2445 321 2486 199.
357 2439 482 2485 ‘Nec
518 2466 566 2472 -
603 2439 869 2496 quisquam'
907 2439 1054 2484 Serv.
1090 2439 1150 2483 ad
1182 2439 1296 2483 Aen.
1323 2439 1389 2483 ΙΙΙ
1419 2445 1518 2485 360.

222 2593 307 2634 195
340 2601 365 2632 e
395 2600 520 2632 nova
550 2591 582 2629 P
605 2587 619 2643 ΙΙ
646 2591 727 2632 197
760 2587 969 2633 tenodon
997 2593 1031 2631 P
1058 2590 1064 2644 Ι
1092 2587 1366 2643 chrisenque
1398 2593 1430 2630 P
1462 2543 1721 2643 chrysamq.
1753 2590 1787 2630 B

100 2647 396 2704 cirrhamque
441 2647 509 2693 vel
557 2645 862 2703 cyrrhamque
901 2652 982 2691 su
1027 2649 1127 2693 edd.
1170 2646 1469 2705 Chrysenque
1509 2647 1790 2693 schram

100 2708 198 2754 oua.
234 2706 313 2754 ov.
347 2707 462 2753 Met.
496 2705 649 2749 XIII
675 2710 765 2752 174
787 2710 803 2764 n
826 2713 910 2752 201
943 2706 1137 2751 molossi
1166 2711 1212 2749 u
1242 2708 1340 2752 edd.
1366 2708 1381 2763 u
1405 2711 1490 2750 202
1523 2705 1698 2762 thybra
1726 2706 1788 2759 P3}

0 2777 2 2788 ’
102 2770 190 2812 203
229 2765 453 2823 ipsaeque
493 2763 598 2810 viae
636 2765 833 2810 mallent
861 2771 895 2810 P
917 2769 933 2824 ΙΙ
956 2772 1044 2811 204
1077 2765 1221 2810 sacris
1253 2771 1285 2809 P
1318 2765 1439 2810 sacis
1471 2767 1646 2817 811206
1677 2763 1788 2808 fatis

100 2828 180 2869 PG
209 2824 301 2870 fati
329 2827 463 2872 σείοντ’
493 2827 509 2883 ΙΙ
540 2828 624 2868 215
657 2824 771 2869 fessi
800 2831 833 2869 P
860 2827 866 2882 Ι
894 2829 942 2870 et
974 2825 1116 2871 corda
1147 2831 1222 2868 ΡΤ
1255 2825 1396 2869 corda
1425 2828 1551 2867 Bsu
1578 2827 1585 2880 l
1612 2823 1790 2868 levavit

101 2886 135 2926 P
165 2883 356 2930 levabat
386 2889 509 2928 Bsm
