<?xml version="1.0" encoding="UTF-8"?>
<!DOCTYPE html PUBLIC "-//W3C//DTD XHTML 1.0 Transitional//EN"
    "http://www.w3.org/TR/xhtml1/DTD/xhtml1-transitional.dtd">
<html xmlns="http://www.w3.org/1999/xhtml" xml:lang="en" lang="en">
 <head>
  <title>
</title>
<meta http-equiv="Content-Type" content="text/html;charset=utf-8" />
  <meta name='ocr-system' content='tesseract 3.04.00' />
  <meta name='ocr-capabilities' content='ocr_page ocr_carea ocr_par ocr_line ocrx_word'/>
</head>
<body>
  <div class='ocr_page' id='page_1' title='image "./operapapinius12statuoft_0495.png"; bbox 0 0 1976 3094; ppageno 0'>
   <div class='ocr_carea' id='block_1_1' title="bbox 0 0 84 3094">
    <p class='ocr_par' dir='ltr' id='par_1_1' title="bbox 0 0 84 3094">
     <span class='ocr_line' id='line_1_1' title="bbox 0 0 84 3094; baseline 0 0"><span class='ocrx_word' id='word_1_1' title='bbox 0 0 84 3094; x_wconf 95' lang='lat' dir='ltr'><strong> </strong></span> 
     </span>
    </p>
   </div>
   <div class='ocr_carea' id='block_1_2' title="bbox 633 164 1798 221">
    <p class='ocr_par' dir='ltr' id='par_1_2' title="bbox 633 164 1798 221">
     <span class='ocr_line' id='line_1_2' title="bbox 633 164 1798 221; baseline 0.008 -9"><span class='ocrx_word' id='word_1_2' title='bbox 633 164 974 213; x_wconf 78' lang='lat' dir='ltr'><strong>THEBAIDOS</strong></span> <span class='ocrx_word' id='word_1_3' title='bbox 1006 165 1116 212; x_wconf 74' lang='grc' dir='ltr'><strong>ΜΒ.</strong></span> <span class='ocrx_word' id='word_1_4' title='bbox 1151 165 1269 213; x_wconf 80' lang='lat' dir='ltr'><strong>V111,</strong></span> <span class='ocrx_word' id='word_1_5' title='bbox 1689 166 1798 221; x_wconf 77' lang='lat'><strong>225</strong></span> 
     </span>
    </p>
   </div>
   <div class='ocr_carea' id='block_1_3' title="bbox 40 287 1856 2511">
    <p class='ocr_par' dir='ltr' id='par_1_3' title="bbox 40 287 1856 2511">
     <span class='ocr_line' id='line_1_3' title="bbox 109 287 1528 360; baseline -0.004 -14"><span class='ocrx_word' id='word_1_6' title='bbox 109 290 390 356; x_wconf 86' lang='lat' dir='ltr'><strong>Ediderat,</strong></span> <span class='ocrx_word' id='word_1_7' title='bbox 427 288 748 360; x_wconf 89' lang='lat' dir='ltr'><strong>prohibente</strong></span> <span class='ocrx_word' id='word_1_8' title='bbox 788 288 911 359; x_wconf 83' lang='lat' dir='ltr'><strong>dea3</strong></span> <span class='ocrx_word' id='word_1_9' title='bbox 949 306 1047 342; x_wconf 84' lang='lat' dir='ltr'><strong>vos</strong></span> <span class='ocrx_word' id='word_1_10' title='bbox 1085 287 1284 358; x_wconf 84' lang='lat' dir='ltr'><strong>praeda</strong></span> <span class='ocrx_word' id='word_1_11' title='bbox 1322 288 1528 343; x_wconf 78' lang='lat' dir='ltr'>cruenti</span> 
     </span>
     <span class='ocr_line' id='line_1_4' title="bbox 111 361 1507 436; baseline -0.004 -16"><span class='ocrx_word' id='word_1_12' title='bbox 111 365 348 436; x_wconf 82' lang='lat' dir='ltr'><strong>Tydeos3</strong></span> <span class='ocrx_word' id='word_1_13' title='bbox 385 362 432 418; x_wconf 90' lang='lat' dir='ltr'><strong>it</strong></span> <span class='ocrx_word' id='word_1_14' title='bbox 468 381 657 418; x_wconf 85' lang='lat' dir='ltr'><strong>saevas</strong></span> <span class='ocrx_word' id='word_1_15' title='bbox 698 362 1008 417; x_wconf 79' lang='lat' dir='ltr'><strong>etiamnunc</strong></span> <span class='ocrx_word' id='word_1_16' title='bbox 1046 365 1223 416; x_wconf 91' lang='lat' dir='ltr'><strong>mater</strong></span> <span class='ocrx_word' id='word_1_17' title='bbox 1262 361 1329 415; x_wconf 88' lang='lat' dir='ltr'><strong>ad</strong></span> <span class='ocrx_word' id='word_1_18' title='bbox 1369 380 1507 417; x_wconf 86' lang='lat' dir='ltr'><strong>aras.</strong></span> 
     </span>
     <span class='ocr_line' id='line_1_5' title="bbox 182 435 1799 506; baseline -0.001 -12"><span class='ocrx_word' id='word_1_19' title='bbox 182 437 298 494; x_wconf 92' lang='lat' dir='ltr'><strong>Nec</strong></span> <span class='ocrx_word' id='word_1_20' title='bbox 313 438 490 493; x_wconf 90' lang='lat' dir='ltr'><strong>minus</strong></span> <span class='ocrx_word' id='word_1_21' title='bbox 499 436 827 492; x_wconf 90' lang='lat' dir='ltr'><strong>Herculeum</strong></span> <span class='ocrx_word' id='word_1_22' title='bbox 844 440 1032 491; x_wconf 83' lang='lat' dir='ltr'><strong>contra</strong></span> <span class='ocrx_word' id='word_1_23' title='bbox 1049 453 1221 506; x_wconf 84' lang='lat' dir='ltr'><strong>vagus</strong></span> <span class='ocrx_word' id='word_1_24' title='bbox 1240 435 1526 491; x_wconf 80' lang='lat' dir='ltr'><strong>Haemona</strong></span> <span class='ocrx_word' id='word_1_25' title='bbox 1543 436 1691 492; x_wconf 91' lang='lat' dir='ltr'><strong>ducit</strong></span> <span class='ocrx_word' id='word_1_26' title='bbox 1712 450 1799 493; x_wconf 80' lang='grc'><strong>480</strong></span> 
     </span>
     <span class='ocr_line' id='line_1_6' title="bbox 109 510 1454 585; baseline -0.004 -17"><span class='ocrx_word' id='word_1_27' title='bbox 109 512 363 585; x_wconf 80' lang='lat' dir='ltr'><strong>Sanguis:</strong></span> <span class='ocrx_word' id='word_1_28' title='bbox 402 512 672 582; x_wconf 87' lang='lat' dir='ltr'><strong>inexpleto</strong></span> <span class='ocrx_word' id='word_1_29' title='bbox 712 511 924 581; x_wconf 87' lang='lat' dir='ltr'><strong>rapitur</strong></span> <span class='ocrx_word' id='word_1_30' title='bbox 962 529 1058 581; x_wconf 89' lang='lat' dir='ltr'><strong>per</strong></span> <span class='ocrx_word' id='word_1_31' title='bbox 1096 510 1250 564; x_wconf 91' lang='lat' dir='ltr'><strong>milia</strong></span> <span class='ocrx_word' id='word_1_32' title='bbox 1289 510 1454 580; x_wconf 88' lang='lat' dir='ltr'><strong>ferro,</strong></span> 
     </span>
     <span class='ocr_line' id='line_1_7' title="bbox 107 584 1724 656; baseline -0.002 -14"><span class='ocrx_word' id='word_1_33' title='bbox 107 587 267 643; x_wconf 88' lang='lat' dir='ltr'><strong>Nunc</strong></span> <span class='ocrx_word' id='word_1_34' title='bbox 304 586 546 641; x_wconf 88' lang='lat' dir='ltr'><strong>tumidae</strong></span> <span class='ocrx_word' id='word_1_35' title='bbox 586 584 883 656; x_wconf 82' lang='lat' dir='ltr'><strong>Calydonis</strong></span> <span class='ocrx_word' id='word_1_36' title='bbox 923 603 1077 655; x_wconf 93' lang='lat' dir='ltr'><strong>opes,</strong></span> <span class='ocrx_word' id='word_1_37' title='bbox 1115 602 1258 639; x_wconf 90' lang='lat' dir='ltr'><strong>nunc</strong></span> <span class='ocrx_word' id='word_1_38' title='bbox 1296 588 1454 639; x_wconf 83' lang='lat' dir='ltr'><strong>torva</strong></span> <span class='ocrx_word' id='word_1_39' title='bbox 1495 585 1724 656; x_wconf 86' lang='lat' dir='ltr'><strong>Pylenes</strong></span> 
     </span>
     <span class='ocr_line' id='line_1_8' title="bbox 107 658 1727 733; baseline 0 -18"><span class='ocrx_word' id='word_1_40' title='bbox 107 661 369 733; x_wconf 82' lang='lat' dir='ltr'><strong>Agmina,</strong></span> <span class='ocrx_word' id='word_1_41' title='bbox 407 678 548 714; x_wconf 91' lang='lat' dir='ltr'><strong>nunc</strong></span> <span class='ocrx_word' id='word_1_42' title='bbox 587 662 827 714; x_wconf 86' lang='lat' dir='ltr'><strong>maestae</strong></span> <span class='ocrx_word' id='word_1_43' title='bbox 865 659 1095 713; x_wconf 86' lang='lat' dir='ltr'><strong>fundens</strong></span> <span class='ocrx_word' id='word_1_44' title='bbox 1134 658 1417 713; x_wconf 89' lang='lat' dir='ltr'><strong>Pleuronis</strong></span> <span class='ocrx_word' id='word_1_45' title='bbox 1456 660 1702 715; x_wconf 84' lang='lat' dir='ltr'><strong>alumnos</strong></span> <span class='ocrx_word' id='word_1_46' title='bbox 1712 702 1727 730; x_wconf 96' lang='lat'><strong>,</strong></span> 
     </span>
     <span class='ocr_line' id='line_1_9' title="bbox 108 732 1492 803; baseline -0.004 -12"><span class='ocrx_word' id='word_1_47' title='bbox 108 735 294 791; x_wconf 92' lang='lat' dir='ltr'><strong>Donec</strong></span> <span class='ocrx_word' id='word_1_48' title='bbox 332 735 391 789; x_wconf 92' lang='lat' dir='ltr'><strong>in</strong></span> <span class='ocrx_word' id='word_1_49' title='bbox 429 734 680 790; x_wconf 89' lang='lat' dir='ltr'><strong>Olenium</strong></span> <span class='ocrx_word' id='word_1_50' title='bbox 718 734 863 788; x_wconf 85' lang='lat' dir='ltr'><strong>fessa</strong></span> <span class='ocrx_word' id='word_1_51' title='bbox 901 734 1011 787; x_wconf 85' lang='lat' dir='ltr'><strong>iam</strong></span> <span class='ocrx_word' id='word_1_52' title='bbox 1052 733 1273 803; x_wconf 80' lang='lat' dir='ltr'><strong>cuspide</strong></span> <span class='ocrx_word' id='word_1_53' title='bbox 1314 732 1492 788; x_wconf 91' lang='lat' dir='ltr'><strong>Buten</strong></span> 
     </span>
     <span class='ocr_line' id='line_1_10' title="bbox 107 808 1801 865; baseline -0.001 0"><span class='ocrx_word' id='word_1_54' title='bbox 107 808 320 865; x_wconf 75' lang='lat' dir='ltr'><strong>Incidit.</strong></span> <span class='ocrx_word' id='word_1_55' title='bbox 381 808 541 864; x_wconf 89' lang='lat' dir='ltr'><strong>Hunc</strong></span> <span class='ocrx_word' id='word_1_56' title='bbox 579 809 772 862; x_wconf 89' lang='lat' dir='ltr'><strong>turmis</strong></span> <span class='ocrx_word' id='word_1_57' title='bbox 813 808 1100 862; x_wconf 86' lang='lat' dir='ltr'><strong>obversum</strong></span> <span class='ocrx_word' id='word_1_58' title='bbox 1135 811 1189 861; x_wconf 92' lang='lat' dir='ltr'><strong>et</strong></span> <span class='ocrx_word' id='word_1_59' title='bbox 1220 808 1372 861; x_wconf 89' lang='lat' dir='ltr'><strong>abire</strong></span> <span class='ocrx_word' id='word_1_60' title='bbox 1403 811 1678 863; x_wconf 84' lang='lat' dir='ltr'><strong>vetantem</strong></span> <span class='ocrx_word' id='word_1_61' title='bbox 1711 821 1801 865; x_wconf 91' lang='grc'><strong>485</strong></span> 
     </span>
     <span class='ocr_line' id='line_1_11' title="bbox 109 882 1637 955; baseline -0.001 -17"><span class='ocrx_word' id='word_1_62' title='bbox 109 883 465 955; x_wconf 80' lang='lat' dir='ltr'><strong>Adgreditur3</strong></span> <span class='ocrx_word' id='word_1_63' title='bbox 506 901 639 954; x_wconf 85' lang='lat' dir='ltr'><strong>puer</strong></span> <span class='ocrx_word' id='word_1_64' title='bbox 676 882 793 952; x_wconf 91' lang='lat' dir='ltr'><strong>ille,</strong></span> <span class='ocrx_word' id='word_1_65' title='bbox 832 900 966 952; x_wconf 90' lang='lat' dir='ltr'><strong>puer</strong></span> <span class='ocrx_word' id='word_1_66' title='bbox 1006 883 1280 952; x_wconf 86' lang='lat' dir='ltr'><strong>malasque</strong></span> <span class='ocrx_word' id='word_1_67' title='bbox 1321 899 1637 953; x_wconf 87' lang='lat' dir='ltr'><strong>comamque</strong></span> 
     </span>
     <span class='ocr_line' id='line_1_12' title="bbox 107 956 1469 1029; baseline -0.003 -16"><span class='ocrx_word' id='word_1_68' title='bbox 107 958 350 1029; x_wconf 83' lang='lat' dir='ltr'><strong>Integer,</strong></span> <span class='ocrx_word' id='word_1_69' title='bbox 390 958 581 1029; x_wconf 86' lang='lat' dir='ltr'><strong>ignaro</strong></span> <span class='ocrx_word' id='word_1_70' title='bbox 621 958 708 1011; x_wconf 92' lang='lat' dir='ltr'><strong>cui</strong></span> <span class='ocrx_word' id='word_1_71' title='bbox 746 960 878 1011; x_wconf 92' lang='lat' dir='ltr'><strong>tunc</strong></span> <span class='ocrx_word' id='word_1_72' title='bbox 918 956 1180 1011; x_wconf 82' lang='lat' dir='ltr'><strong>Thebana</strong></span> <span class='ocrx_word' id='word_1_73' title='bbox 1219 957 1469 1026; x_wconf 86' lang='lat' dir='ltr'><strong>bipennis</strong></span> 
     </span>
     <span class='ocr_line' id='line_1_13' title="bbox 40 1031 1484 1104; baseline -0.001 -17"><span class='ocrx_word' id='word_1_74' title='bbox 40 1072 42 1075; x_wconf 89' lang='lat'><em>-</em></span> <span class='ocrx_word' id='word_1_75' title='bbox 105 1032 171 1087; x_wconf 93' lang='lat' dir='ltr'><strong>In</strong></span> <span class='ocrx_word' id='word_1_76' title='bbox 209 1032 425 1104; x_wconf 81' lang='lat' dir='ltr'><strong>galeam</strong></span> <span class='ocrx_word' id='word_1_77' title='bbox 466 1031 667 1085; x_wconf 89' lang='lat' dir='ltr'><strong>librata</strong></span> <span class='ocrx_word' id='word_1_78' title='bbox 706 1031 873 1085; x_wconf 87' lang='lat' dir='ltr'><strong>venit:</strong></span> <span class='ocrx_word' id='word_1_79' title='bbox 914 1031 1214 1084; x_wconf 88' lang='lat' dir='ltr'><strong>funduntur</strong></span> <span class='ocrx_word' id='word_1_80' title='bbox 1252 1033 1484 1101; x_wconf 85' lang='lat' dir='ltr'><strong>utroque</strong></span> 
     </span>
     <span class='ocr_line' id='line_1_14' title="bbox 104 1104 1627 1176; baseline -0.001 -16"><span class='ocrx_word' id='word_1_81' title='bbox 104 1106 374 1176; x_wconf 86' lang='lat' dir='ltr'><strong>Tempora</strong></span> <span class='ocrx_word' id='word_1_82' title='bbox 413 1105 723 1176; x_wconf 85' lang='lat' dir='ltr'><strong>dividuique</strong></span> <span class='ocrx_word' id='word_1_83' title='bbox 764 1104 964 1159; x_wconf 90' lang='lat' dir='ltr'><strong>cadunt</strong></span> <span class='ocrx_word' id='word_1_84' title='bbox 1002 1106 1060 1159; x_wconf 92' lang='lat' dir='ltr'><strong>in</strong></span> <span class='ocrx_word' id='word_1_85' title='bbox 1098 1104 1351 1159; x_wconf 91' lang='lat' dir='ltr'><strong>bracchia</strong></span> <span class='ocrx_word' id='word_1_86' title='bbox 1389 1106 1587 1171; x_wconf 75' lang='lat' dir='ltr'><strong>crineS,</strong></span> <span class='ocrx_word' id='word_1_87' title='bbox 1621 1129 1627 1134; x_wconf 92' lang='lat'><strong>·</strong></span> 
     </span>
     <span class='ocr_line' id='line_1_15' title="bbox 102 1179 1802 1249; baseline -0.001 -13"><span class='ocrx_word' id='word_1_88' title='bbox 102 1180 177 1236; x_wconf 85' lang='lat' dir='ltr'><strong>Et</strong></span> <span class='ocrx_word' id='word_1_89' title='bbox 215 1198 327 1234; x_wconf 94' lang='lat' dir='ltr'><strong>non</strong></span> <span class='ocrx_word' id='word_1_90' title='bbox 364 1180 468 1235; x_wconf 94' lang='lat' dir='ltr'><strong>hoc</strong></span> <span class='ocrx_word' id='word_1_91' title='bbox 507 1182 752 1234; x_wconf 85' lang='lat' dir='ltr'><strong>metuens</strong></span> <span class='ocrx_word' id='word_1_92' title='bbox 791 1179 1012 1249; x_wconf 91' lang='lat' dir='ltr'><strong>inopino</strong></span> <span class='ocrx_word' id='word_1_93' title='bbox 1051 1179 1236 1233; x_wconf 86' lang='lat' dir='ltr'><strong>limine</strong></span> <span class='ocrx_word' id='word_1_94' title='bbox 1275 1179 1390 1233; x_wconf 82' lang='lat' dir='ltr'><strong>vita</strong></span> <span class='ocrx_word' id='word_1_95' title='bbox 1712 1192 1802 1234; x_wconf 83' lang='grc'><strong>490</strong></span> 
     </span>
     <span class='ocr_line' id='line_1_16' title="bbox 102 1252 1699 1324; baseline -0.001 -14"><span class='ocrx_word' id='word_1_96' title='bbox 102 1255 355 1310; x_wconf 77' lang='lat' dir='ltr'><strong>Exsiluit.</strong></span> <span class='ocrx_word' id='word_1_97' title='bbox 416 1253 566 1309; x_wconf 78' lang='lat' dir='ltr'><strong>Tunc</strong></span> <span class='ocrx_word' id='word_1_98' title='bbox 604 1254 803 1308; x_wconf 85' lang='lat' dir='ltr'><strong>flavum</strong></span> <span class='ocrx_word' id='word_1_99' title='bbox 841 1252 1101 1323; x_wconf 86' lang='lat' dir='ltr'><strong>Hypanin</strong></span> <span class='ocrx_word' id='word_1_100' title='bbox 1138 1254 1444 1324; x_wconf 85' lang='lat' dir='ltr'><strong>flavumque</strong></span> <span class='ocrx_word' id='word_1_101' title='bbox 1486 1253 1699 1308; x_wconf 79' lang='lat' dir='ltr'><strong>Politen</strong></span> 
     </span>
     <span class='ocr_line' id='line_1_17' title="bbox 103 1327 1643 1459; baseline -0.001 -76"><span class='ocrx_word' id='word_1_102' title='bbox 103 1328 226 1459; x_wconf 52' lang='lat' dir='ltr'><strong>gule</strong></span> <span class='ocrx_word' id='word_1_103' title='bbox 265 1346 434 1400; x_wconf 84' lang='lat' dir='ltr'><strong>genas</strong></span> <span class='ocrx_word' id='word_1_104' title='bbox 474 1327 718 1398; x_wconf 84' lang='lat' dir='ltr'><strong>Phoebe,</strong></span> <span class='ocrx_word' id='word_1_105' title='bbox 756 1328 958 1382; x_wconf 90' lang='lat' dir='ltr'><strong>crinem</strong></span> <span class='ocrx_word' id='word_1_106' title='bbox 996 1328 1086 1381; x_wconf 92' lang='lat' dir='ltr'><strong>hic</strong></span> <span class='ocrx_word' id='word_1_107' title='bbox 1124 1328 1387 1398; x_wconf 88' lang='lat' dir='ltr'><strong>pascebat</strong></span> <span class='ocrx_word' id='word_1_108' title='bbox 1424 1327 1643 1381; x_wconf 90' lang='lat' dir='ltr'><strong>Iaccho:</strong></span> 
     </span>
     <span class='ocr_line' id='line_1_18' title="bbox 145 1400 1609 1473; baseline -0.001 -17"><span class='ocrx_word' id='word_1_109' title='bbox 145 1421 308 1457; x_wconf 86' lang='lat' dir='ltr'><strong>aevus</strong></span> <span class='ocrx_word' id='word_1_110' title='bbox 346 1404 575 1473; x_wconf 88' lang='lat' dir='ltr'><strong>uterque</strong></span> <span class='ocrx_word' id='word_1_111' title='bbox 614 1400 791 1473; x_wconf 87' lang='lat' dir='ltr'><strong>deus),</strong></span> <span class='ocrx_word' id='word_1_112' title='bbox 831 1402 988 1456; x_wconf 83' lang='lat' dir='ltr'><strong>victis</strong></span> <span class='ocrx_word' id='word_1_113' title='bbox 1028 1401 1388 1472; x_wconf 83' lang='lat' dir='ltr'><strong>Hyperenora</strong></span> <span class='ocrx_word' id='word_1_114' title='bbox 1427 1403 1609 1472; x_wconf 89' lang='lat' dir='ltr'><strong>iungit</strong></span> 
     </span>
     <span class='ocr_line' id='line_1_19' title="bbox 103 1475 1751 1548; baseline -0.001 -15"><span class='ocrx_word' id='word_1_115' title='bbox 103 1476 544 1548; x_wconf 84' lang='lat' dir='ltr'><strong>Conversumque</strong></span> <span class='ocrx_word' id='word_1_116' title='bbox 581 1477 714 1547; x_wconf 87' lang='lat' dir='ltr'><strong>fuga</strong></span> <span class='ocrx_word' id='word_1_117' title='bbox 752 1475 1072 1546; x_wconf 72' lang='lat' dir='ltr'><strong>Damasum,</strong></span> <span class='ocrx_word' id='word_1_118' title='bbox 1113 1476 1206 1530; x_wconf 88' lang='lat' dir='ltr'><strong>sed</strong></span> <span class='ocrx_word' id='word_1_119' title='bbox 1244 1477 1400 1546; x_wconf 88' lang='lat' dir='ltr'><strong>lapsa</strong></span> <span class='ocrx_word' id='word_1_120' title='bbox 1437 1495 1533 1546; x_wconf 91' lang='lat' dir='ltr'><strong>per</strong></span> <span class='ocrx_word' id='word_1_121' title='bbox 1572 1494 1751 1531; x_wconf 91' lang='lat' dir='ltr'><strong>armos</strong></span> 
     </span>
     <span class='ocr_line' id='line_1_20' title="bbox 103 1550 1805 1622; baseline -0.002 -15"><span class='ocrx_word' id='word_1_122' title='bbox 103 1550 283 1607; x_wconf 90' lang='lat' dir='ltr'><strong>Hasta</strong></span> <span class='ocrx_word' id='word_1_123' title='bbox 320 1551 422 1605; x_wconf 80' lang='lat' dir='ltr'><strong>viri</strong></span> <span class='ocrx_word' id='word_1_124' title='bbox 459 1554 611 1605; x_wconf 90' lang='lat' dir='ltr'><strong>trans</strong></span> <span class='ocrx_word' id='word_1_125' title='bbox 649 1554 838 1622; x_wconf 88' lang='lat' dir='ltr'><strong>pectus</strong></span> <span class='ocrx_word' id='word_1_126' title='bbox 879 1551 994 1604; x_wconf 90' lang='lat' dir='ltr'><strong>abit</strong></span> <span class='ocrx_word' id='word_1_127' title='bbox 1031 1569 1385 1621; x_wconf 88' lang='lat' dir='ltr'><strong>parmamque</strong></span> <span class='ocrx_word' id='word_1_128' title='bbox 1424 1552 1633 1605; x_wconf 91' lang='lat' dir='ltr'><strong>tenenti</strong></span> <span class='ocrx_word' id='word_1_129' title='bbox 1709 1565 1805 1605; x_wconf 84' lang='lat'><strong>495</strong></span> 
     </span>
     <span class='ocr_line' id='line_1_21' title="bbox 104 1625 1516 1696; baseline -0.002 -15"><span class='ocrx_word' id='word_1_130' title='bbox 104 1625 327 1681; x_wconf 81' lang='lat' dir='ltr'><strong>Excutit</strong></span> <span class='ocrx_word' id='word_1_131' title='bbox 365 1628 420 1679; x_wconf 90' lang='lat' dir='ltr'><strong>et</strong></span> <span class='ocrx_word' id='word_1_132' title='bbox 458 1644 670 1680; x_wconf 88' lang='lat' dir='ltr'><strong>summa</strong></span> <span class='ocrx_word' id='word_1_133' title='bbox 710 1625 922 1696; x_wconf 85' lang='lat' dir='ltr'><strong>fugiens</strong></span> <span class='ocrx_word' id='word_1_134' title='bbox 962 1625 1020 1678; x_wconf 92' lang='lat' dir='ltr'><strong>in</strong></span> <span class='ocrx_word' id='word_1_135' title='bbox 1059 1625 1276 1695; x_wconf 84' lang='lat' dir='ltr'><strong>cuspide</strong></span> <span class='ocrx_word' id='word_1_136' title='bbox 1318 1629 1516 1695; x_wconf 89' lang='lat' dir='ltr'><strong>portat.</strong></span> 
     </span>
     <span class='ocr_line' id='line_1_22' title="bbox 179 1697 1679 1754; baseline 0 -1"><span class='ocrx_word' id='word_1_137' title='bbox 179 1697 456 1754; x_wconf 72' lang='lat' dir='ltr'><strong>Sterneret</strong></span> <span class='ocrx_word' id='word_1_138' title='bbox 493 1700 745 1754; x_wconf 83' lang='lat' dir='ltr'><strong>adversos</strong></span> <span class='ocrx_word' id='word_1_139' title='bbox 786 1700 1085 1754; x_wconf 90' lang='lat' dir='ltr'><strong>etiamnum</strong></span> <span class='ocrx_word' id='word_1_140' title='bbox 1124 1699 1389 1753; x_wconf 87' lang='lat' dir='ltr'><strong>Ismenius</strong></span> <span class='ocrx_word' id='word_1_141' title='bbox 1428 1699 1679 1754; x_wconf 89' lang='lat' dir='ltr'><strong>Haemon</strong></span> 
     </span>
     <span class='ocr_line' id='line_1_23' title="bbox 104 1771 1524 1845; baseline 0.001 -18"><span class='ocrx_word' id='word_1_142' title='bbox 104 1772 390 1828; x_wconf 87' lang='lat' dir='ltr'><strong>Inachidas</strong></span> <span class='ocrx_word' id='word_1_143' title='bbox 431 1771 583 1845; x_wconf 90' lang='lat' dir='ltr'><strong>(nam</strong></span> <span class='ocrx_word' id='word_1_144' title='bbox 620 1775 731 1828; x_wconf 91' lang='lat' dir='ltr'><strong>tela</strong></span> <span class='ocrx_word' id='word_1_145' title='bbox 767 1774 911 1844; x_wconf 85' lang='lat' dir='ltr'><strong>regit</strong></span> <span class='ocrx_word' id='word_1_146' title='bbox 948 1775 1198 1844; x_wconf 82' lang='lat' dir='ltr'><strong>viresque</strong></span> <span class='ocrx_word' id='word_1_147' title='bbox 1238 1774 1524 1828; x_wconf 80' lang='lat' dir='ltr'><strong>ministrat=</strong></span> 
     </span>
     <span class='ocr_line' id='line_1_24' title="bbox 107 1846 1528 1922; baseline 0.002 -22"><span class='ocrx_word' id='word_1_148' title='bbox 107 1846 676 1922; x_wconf 87' lang='lat' dir='ltr'><strong>Amphitryoniades),</strong></span> <span class='ocrx_word' id='word_1_149' title='bbox 716 1866 937 1903; x_wconf 83' lang='lat' dir='ltr'><strong>saevum</strong></span> <span class='ocrx_word' id='word_1_150' title='bbox 978 1849 1072 1902; x_wconf 89' lang='lat' dir='ltr'><strong>sed</strong></span> <span class='ocrx_word' id='word_1_151' title='bbox 1111 1848 1299 1919; x_wconf 87' lang='lat' dir='ltr'><strong>Tydea</strong></span> <span class='ocrx_word' id='word_1_152' title='bbox 1338 1852 1528 1903; x_wconf 89' lang='lat' dir='ltr'><strong>contra</strong></span> 
     </span>
     <span class='ocr_line' id='line_1_25' title="bbox 107 1921 1804 1992; baseline 0.002 -18"><span class='ocrx_word' id='word_1_153' title='bbox 107 1921 292 1975; x_wconf 87' lang='lat' dir='ltr'><strong>Pallas</strong></span> <span class='ocrx_word' id='word_1_154' title='bbox 332 1921 461 1992; x_wconf 84' lang='lat' dir='ltr'><strong>agit.</strong></span> <span class='ocrx_word' id='word_1_155' title='bbox 535 1921 756 1992; x_wconf 91' lang='lat' dir='ltr'><strong>Iamque</strong></span> <span class='ocrx_word' id='word_1_156' title='bbox 795 1923 1019 1976; x_wconf 88' lang='lat' dir='ltr'><strong>adverso</strong></span> <span class='ocrx_word' id='word_1_157' title='bbox 1059 1941 1251 1976; x_wconf 87' lang='lat' dir='ltr'><strong>venere</strong></span> <span class='ocrx_word' id='word_1_158' title='bbox 1290 1923 1477 1977; x_wconf 85' lang='lat' dir='ltr'><strong>favore</strong></span> <span class='ocrx_word' id='word_1_159' title='bbox 1717 1937 1804 1979; x_wconf 90' lang='grc'><strong>500</strong></span> 
     </span>
     <span class='ocr_line' id='line_1_26' title="bbox 108 1993 1670 2066; baseline 0.001 -16"><span class='ocrx_word' id='word_1_160' title='bbox 108 1993 445 2065; x_wconf 82' lang='lat' dir='ltr'><strong>Comminus,</strong></span> <span class='ocrx_word' id='word_1_161' title='bbox 483 1998 538 2049; x_wconf 87' lang='lat' dir='ltr'><strong>et</strong></span> <span class='ocrx_word' id='word_1_162' title='bbox 574 1996 788 2066; x_wconf 86' lang='lat' dir='ltr'><strong>placido</strong></span> <span class='ocrx_word' id='word_1_163' title='bbox 829 1997 979 2066; x_wconf 86' lang='lat' dir='ltr'><strong>prior</strong></span> <span class='ocrx_word' id='word_1_164' title='bbox 1015 1996 1150 2050; x_wconf 89' lang='lat' dir='ltr'><strong>haec</strong></span> <span class='ocrx_word' id='word_1_165' title='bbox 1189 1996 1509 2066; x_wconf 86' lang='lat' dir='ltr'><strong>Tirynthius</strong></span> <span class='ocrx_word' id='word_1_166' title='bbox 1549 2015 1670 2051; x_wconf 88' lang='lat' dir='ltr'><strong>ore:</strong></span> 
     </span>
     <span class='ocr_line' id='line_1_27' title="bbox 109 2068 1602 2141; baseline 0.001 -19"><span class='ocrx_word' id='word_1_167' title='bbox 109 2068 266 2122; x_wconf 74' lang='lat' dir='ltr'><strong>‘Fida</strong></span> <span class='ocrx_word' id='word_1_168' title='bbox 305 2087 480 2138; x_wconf 87' lang='lat' dir='ltr'><strong>soror,</strong></span> <span class='ocrx_word' id='word_1_169' title='bbox 518 2088 784 2140; x_wconf 88' lang='lat' dir='ltr'><strong>quaenam</strong></span> <span class='ocrx_word' id='word_1_170' title='bbox 821 2070 964 2124; x_wconf 89' lang='lat' dir='ltr'><strong>hunc</strong></span> <span class='ocrx_word' id='word_1_171' title='bbox 1002 2071 1135 2123; x_wconf 91' lang='lat' dir='ltr'><strong>belli</strong></span> <span class='ocrx_word' id='word_1_172' title='bbox 1174 2071 1403 2141; x_wconf 83' lang='lat' dir='ltr'><strong>caligine</strong></span> <span class='ocrx_word' id='word_1_173' title='bbox 1442 2071 1602 2125; x_wconf 90' lang='lat' dir='ltr'><strong>nobis</strong></span> 
     </span>
     <span class='ocr_line' id='line_1_28' title="bbox 108 2142 1475 2214; baseline 0.001 -18"><span class='ocrx_word' id='word_1_174' title='bbox 108 2142 476 2214; x_wconf 81' lang='lat' dir='ltr'><strong>Congressum</strong></span> <span class='ocrx_word' id='word_1_175' title='bbox 513 2143 737 2198; x_wconf 83' lang='lat' dir='ltr'><strong>fortuna</strong></span> <span class='ocrx_word' id='word_1_176' title='bbox 774 2144 937 2198; x_wconf 77' lang='lat' dir='ltr'><strong>tulit?</strong></span> <span class='ocrx_word' id='word_1_177' title='bbox 978 2163 1109 2197; x_wconf 91' lang='lat' dir='ltr'><strong>num</strong></span> <span class='ocrx_word' id='word_1_178' title='bbox 1147 2145 1302 2214; x_wconf 84' lang='lat' dir='ltr'><strong>regia</strong></span> <span class='ocrx_word' id='word_1_179' title='bbox 1339 2144 1475 2198; x_wconf 91' lang='lat' dir='ltr'><strong>Iuno</strong></span> 
     </span>
     <span class='ocr_line' id='line_1_29' title="bbox 107 2217 1511 2273; baseline 0 -1"><span class='ocrx_word' id='word_1_180' title='bbox 107 2217 228 2272; x_wconf 93' lang='lat' dir='ltr'><strong>Hoc</strong></span> <span class='ocrx_word' id='word_1_181' title='bbox 267 2217 463 2271; x_wconf 91' lang='lat' dir='ltr'><strong>molita</strong></span> <span class='ocrx_word' id='word_1_182' title='bbox 499 2218 689 2272; x_wconf 79' lang='lat' dir='ltr'><strong>nefas?</strong></span> <span class='ocrx_word' id='word_1_183' title='bbox 729 2218 888 2273; x_wconf 88' lang='lat' dir='ltr'><strong>citius</strong></span> <span class='ocrx_word' id='word_1_184' title='bbox 927 2237 1012 2272; x_wconf 91' lang='lat' dir='ltr'><strong>me</strong></span> <span class='ocrx_word' id='word_1_185' title='bbox 1050 2218 1282 2272; x_wconf 88' lang='lat' dir='ltr'><strong>fulmina</strong></span> <span class='ocrx_word' id='word_1_186' title='bbox 1320 2222 1511 2272; x_wconf 87' lang='lat' dir='ltr'><strong>contra</strong></span> 
     </span>
     <span class='ocr_line' id='line_1_30' title="bbox 109 2289 1805 2364; baseline 0.002 -19"><span class='ocrx_word' id='word_1_187' title='bbox 109 2289 447 2364; x_wconf 88' lang='lat' dir='ltr'><strong>(Infandum)</strong></span> <span class='ocrx_word' id='word_1_188' title='bbox 485 2311 640 2346; x_wconf 90' lang='lat' dir='ltr'><strong>ruere</strong></span> <span class='ocrx_word' id='word_1_189' title='bbox 681 2297 735 2346; x_wconf 91' lang='lat' dir='ltr'><strong>et</strong></span> <span class='ocrx_word' id='word_1_190' title='bbox 773 2310 973 2363; x_wconf 84' lang='lat' dir='ltr'><strong>magno</strong></span> <span class='ocrx_word' id='word_1_191' title='bbox 1019 2294 1217 2346; x_wconf 84' lang='lat' dir='ltr'><strong>bellare</strong></span> <span class='ocrx_word' id='word_1_192' title='bbox 1256 2294 1470 2362; x_wconf 89' lang='lat' dir='ltr'><strong>parenti</strong></span> <span class='ocrx_word' id='word_1_193' title='bbox 1715 2307 1805 2348; x_wconf 83' lang='lat'><strong>505</strong></span> 
     </span>
     <span class='ocr_line' id='line_1_31' title="bbox 109 2365 1856 2438; baseline 0.002 -19"><span class='ocrx_word' id='word_1_194' title='bbox 109 2365 374 2436; x_wconf 84' lang='lat' dir='ltr'><strong>Aspiciat.</strong></span> <span class='ocrx_word' id='word_1_195' title='bbox 436 2365 617 2421; x_wconf 83' lang='lat' dir='ltr'><strong>Genus</strong></span> <span class='ocrx_word' id='word_1_196' title='bbox 649 2367 774 2421; x_wconf 93' lang='lat' dir='ltr'><strong>huic</strong></span> <span class='ocrx_word' id='word_1_197' title='bbox 803 2397 878 2406; x_wconf 93' lang='lat'><strong>—</strong></span> <span class='ocrx_word' id='word_1_198' title='bbox 910 2367 1004 2420; x_wconf 86' lang='lat' dir='ltr'><strong>sed</strong></span> <span class='ocrx_word' id='word_1_199' title='bbox 1035 2368 1193 2420; x_wconf 91' lang='lat' dir='ltr'><strong>mitto</strong></span> <span class='ocrx_word' id='word_1_200' title='bbox 1227 2384 1543 2438; x_wconf 84' lang='lat' dir='ltr'><strong>agnoscere,</strong></span> <span class='ocrx_word' id='word_1_201' title='bbox 1592 2369 1807 2438; x_wconf 87' lang='lat' dir='ltr'><strong>quando</strong></span> <span class='ocrx_word' id='word_1_202' title='bbox 1853 2406 1856 2408; x_wconf 92' lang='lat'><em>-</em></span> 
     </span>
     <span class='ocr_line' id='line_1_32' title="bbox 87 2438 1704 2511; baseline 0.001 -18"><span class='ocrx_word' id='word_1_203' title='bbox 87 2438 192 2508; x_wconf 31' lang='lat' dir='ltr'><strong>,Tu</strong></span> <span class='ocrx_word' id='word_1_204' title='bbox 231 2439 444 2494; x_wconf 85' lang='lat' dir='ltr'><strong>diversa</strong></span> <span class='ocrx_word' id='word_1_205' title='bbox 481 2441 655 2510; x_wconf 77' lang='lat' dir='ltr'><strong>foveS,</strong></span> <span class='ocrx_word' id='word_1_206' title='bbox 693 2460 791 2495; x_wconf 92' lang='lat' dir='ltr'><strong>nec</strong></span> <span class='ocrx_word' id='word_1_207' title='bbox 831 2442 875 2494; x_wconf 90' lang='lat' dir='ltr'><strong>si</strong></span> <span class='ocrx_word' id='word_1_208' title='bbox 913 2442 1092 2511; x_wconf 87' lang='lat' dir='ltr'><strong>ipsum</strong></span> <span class='ocrx_word' id='word_1_209' title='bbox 1131 2442 1433 2495; x_wconf 90' lang='lat' dir='ltr'><strong>comminus</strong></span> <span class='ocrx_word' id='word_1_210' title='bbox 1472 2441 1704 2511; x_wconf 89' lang='lat' dir='ltr'><strong>Hyllum</strong></span> 
     </span>
    </p>
   </div>
   <div class='ocr_carea' id='block_1_4' title="bbox 119 2524 475 2531">
    <p class='ocr_par' dir='ltr' id='par_1_4' title="bbox 119 2524 475 2531">
     <span class='ocr_line' id='line_1_33' title="bbox 119 2524 475 2531; baseline 0 563"><span class='ocrx_word' id='word_1_211' title='bbox 119 2524 475 2531; x_wconf 95' lang='lat' dir='ltr'><strong> </strong></span> 
     </span>
    </p>
   </div>
   <div class='ocr_carea' id='block_1_5' title="bbox 110 2557 1811 2670">
    <p class='ocr_par' dir='ltr' id='par_1_5' title="bbox 110 2557 1811 2670">
     <span class='ocr_line' id='line_1_34' title="bbox 229 2557 1811 2618; baseline 0.002 -17"><span class='ocrx_word' id='word_1_212' title='bbox 229 2561 315 2601; x_wconf 81' lang='lat'><strong>479</strong></span> <span class='ocrx_word' id='word_1_213' title='bbox 348 2557 615 2601; x_wconf 83' lang='lat' dir='ltr'><strong>etiamnunc</strong></span> <span class='ocrx_word' id='word_1_214' title='bbox 645 2562 753 2612; x_wconf 73' lang='lat' dir='ltr'><strong>Pp&#39;r</strong></span> <span class='ocrx_word' id='word_1_215' title='bbox 793 2557 1052 2602; x_wconf 83' lang='lat' dir='ltr'><strong>etiamnum</strong></span> <span class='ocrx_word' id='word_1_216' title='bbox 1081 2562 1207 2601; x_wconf 72' lang='lat' dir='ltr'><strong>Bsn</strong></span> <span class='ocrx_word' id='word_1_217' title='bbox 1235 2561 1252 2616; x_wconf 79' lang='lat' dir='ltr'>u</span> <span class='ocrx_word' id='word_1_218' title='bbox 1282 2562 1369 2604; x_wconf 88' lang='lat'><strong>485</strong></span> <span class='ocrx_word' id='word_1_219' title='bbox 1403 2558 1534 2603; x_wconf 80' lang='lat' dir='ltr'><strong>adire</strong></span> <span class='ocrx_word' id='word_1_220' title='bbox 1570 2558 1764 2604; x_wconf 78' lang='lat' dir='ltr'><strong>Grotius</strong></span> <span class='ocrx_word' id='word_1_221' title='bbox 1795 2559 1811 2618; x_wconf 83' lang='grc' dir='ltr'>Η</span> 
     </span>
     <span class='ocr_line' id='line_1_35' title="bbox 110 2615 1808 2670; baseline -0.001 -7"><span class='ocrx_word' id='word_1_222' title='bbox 110 2620 198 2663; x_wconf 84' lang='grc'><strong>488</strong></span> <span class='ocrx_word' id='word_1_223' title='bbox 228 2615 487 2660; x_wconf 83' lang='lat' dir='ltr'><strong>funduntur</strong></span> <span class='ocrx_word' id='word_1_224' title='bbox 517 2621 584 2670; x_wconf 86' lang='lat' dir='ltr'><strong>Pp</strong></span> <span class='ocrx_word' id='word_1_225' title='bbox 595 2620 700 2660; x_wconf 78' lang='lat' dir='ltr'><strong>G&#39;ro</strong></span> <span class='ocrx_word' id='word_1_226' title='bbox 730 2616 863 2663; x_wconf 77' lang='lat' dir='ltr'><strong>Leid.</strong></span> <span class='ocrx_word' id='word_1_227' title='bbox 896 2617 1140 2662; x_wconf 87' lang='lat' dir='ltr'><strong>finduntur</strong></span> <span class='ocrx_word' id='word_1_228' title='bbox 1169 2622 1202 2660; x_wconf 86' lang='lat' dir='ltr'>B</span> <span class='ocrx_word' id='word_1_229' title='bbox 1227 2633 1284 2663; x_wconf 86' lang='lat' dir='ltr'><strong>m.</strong></span> <span class='ocrx_word' id='word_1_230' title='bbox 1309 2632 1390 2663; x_wconf 76' lang='lat' dir='ltr'><strong>sec.</strong></span> <span class='ocrx_word' id='word_1_231' title='bbox 1427 2623 1508 2661; x_wconf 69' lang='lat' dir='ltr'><strong>SE</strong></span> <span class='ocrx_word' id='word_1_232' title='bbox 1541 2617 1808 2662; x_wconf 88' lang='lat' dir='ltr'><strong>striduntur</strong></span> 
     </span>
    </p>
   </div>
   <div class='ocr_carea' id='block_1_6' title="bbox 109 2674 1812 2838">
    <p class='ocr_par' dir='ltr' id='par_1_6' title="bbox 109 2674 1812 2838">
     <span class='ocr_line' id='line_1_36' title="bbox 109 2674 1812 2759; baseline 0.001 -24"><span class='ocrx_word' id='word_1_233' title='bbox 109 2693 144 2735; x_wconf 73' lang='lat' dir='ltr'>B</span> <span class='ocrx_word' id='word_1_234' title='bbox 174 2704 231 2759; x_wconf 62' lang='lat'><strong>²²?-</strong></span> <span class='ocrx_word' id='word_1_235' title='bbox 257 2704 333 2748; x_wconf 67' lang='grc' dir='ltr'><strong>μ’.</strong></span> <span class='ocrx_word' id='word_1_236' title='bbox 366 2689 492 2736; x_wconf 79' lang='lat' dir='ltr'><strong>Dan.</strong></span> <span class='ocrx_word' id='word_1_237' title='bbox 527 2689 802 2735; x_wconf 87' lang='lat' dir='ltr'><strong>scinduntur</strong></span> <span class='ocrx_word' id='word_1_238' title='bbox 831 2695 873 2735; x_wconf 77' lang='grc' dir='ltr'><strong>Η</strong></span> <span class='ocrx_word' id='word_1_239' title='bbox 910 2695 918 2749; x_wconf 64' lang='lat' dir='ltr'>ff</span> <span class='ocrx_word' id='word_1_240' title='bbox 951 2694 1148 2749; x_wconf 85' lang='lat' dir='ltr'><strong>utroque</strong></span> <span class='ocrx_word' id='word_1_241' title='bbox 1186 2698 1219 2735; x_wconf 98' lang='lat' dir='ltr'><strong>P</strong></span> <span class='ocrx_word' id='word_1_242' title='bbox 1262 2674 1403 2748; x_wconf 75' lang='lat' dir='ltr'><strong>utriq.</strong></span> <span class='ocrx_word' id='word_1_243' title='bbox 1428 2696 1462 2735; x_wconf 83' lang='lat' dir='ltr'>B</span> <span class='ocrx_word' id='word_1_244' title='bbox 1494 2691 1733 2748; x_wconf 89' lang='lat' dir='ltr'><strong>utrimque</strong></span> <span class='ocrx_word' id='word_1_245' title='bbox 1765 2695 1812 2735; x_wconf 76' lang='lat'>1</span> 
     </span>
     <span class='ocr_line' id='line_1_37' title="bbox 110 2765 1807 2838; baseline 0.001 -14"><span class='ocrx_word' id='word_1_246' title='bbox 110 2765 343 2835; x_wconf 60' lang='lat' dir='ltr'><strong>utrbnque</strong></span> <span class='ocrx_word' id='word_1_247' title='bbox 375 2784 402 2822; x_wconf 78' lang='grc'><strong>8</strong></span> <span class='ocrx_word' id='word_1_248' title='bbox 425 2780 441 2837; x_wconf 83' lang='grc' dir='ltr'><strong>ΙΙ</strong></span> <span class='ocrx_word' id='word_1_249' title='bbox 465 2784 550 2824; x_wconf 86' lang='grc'><strong>490</strong></span> <span class='ocrx_word' id='word_1_250' title='bbox 581 2779 742 2824; x_wconf 79' lang='lat' dir='ltr'><strong>limine</strong></span> <span class='ocrx_word' id='word_1_251' title='bbox 771 2785 804 2823; x_wconf 88' lang='lat' dir='ltr'><strong>P</strong></span> <span class='ocrx_word' id='word_1_252' title='bbox 838 2780 989 2826; x_wconf 86' lang='lat' dir='ltr'><strong>limite</strong></span> <span class='ocrx_word' id='word_1_253' title='bbox 1021 2783 1154 2827; x_wconf 76' lang='lat' dir='ltr'><strong>ceteri</strong></span> <span class='ocrx_word' id='word_1_254' title='bbox 1175 2782 1191 2838; x_wconf 83' lang='grc'><strong>11</strong></span> <span class='ocrx_word' id='word_1_255' title='bbox 1215 2786 1300 2826; x_wconf 85' lang='grc'><strong>493</strong></span> <span class='ocrx_word' id='word_1_256' title='bbox 1333 2795 1444 2827; x_wconf 83' lang='lat' dir='ltr'><strong>vers.</strong></span> <span class='ocrx_word' id='word_1_257' title='bbox 1477 2782 1531 2825; x_wconf 78' lang='lat' dir='ltr'><strong>in</strong></span> <span class='ocrx_word' id='word_1_258' title='bbox 1560 2785 1593 2823; x_wconf 93' lang='lat' dir='ltr'><strong>P</strong></span> <span class='ocrx_word' id='word_1_259' title='bbox 1618 2786 1725 2837; x_wconf 80' lang='lat' dir='ltr'><strong>post</strong></span> <span class='ocrx_word' id='word_1_260' title='bbox 1765 2795 1807 2827; x_wconf 88' lang='lat' dir='ltr'><strong>v.</strong></span> 
     </span>
    </p>
   </div>
   <div class='ocr_carea' id='block_1_7' title="bbox 111 2839 1810 2955">
    <p class='ocr_par' dir='ltr' id='par_1_7' title="bbox 111 2839 1810 2955">
     <span class='ocr_line' id='line_1_38' title="bbox 111 2839 1810 2899; baseline -0.001 -15"><span class='ocrx_word' id='word_1_261' title='bbox 111 2841 204 2884; x_wconf 74' lang='lat'><strong>496</strong></span> <span class='ocrx_word' id='word_1_262' title='bbox 232 2839 410 2895; x_wconf 64' lang='lat' dir='ltr'><strong>legitur,</strong></span> <span class='ocrx_word' id='word_1_263' title='bbox 441 2840 519 2884; x_wconf 82' lang='lat' dir='ltr'><strong>sed</strong></span> <span class='ocrx_word' id='word_1_264' title='bbox 548 2840 679 2896; x_wconf 65' lang='lat' dir='ltr'><strong>siquo</strong></span> <span class='ocrx_word' id='word_1_265' title='bbox 712 2839 750 2899; x_wconf 54' lang='grc' dir='ltr'><strong>γ.</strong></span> <span class='ocrx_word' id='word_1_266' title='bbox 790 2854 873 2887; x_wconf 79' lang='lat' dir='ltr'><strong>suo</strong></span> <span class='ocrx_word' id='word_1_267' title='bbox 904 2843 999 2886; x_wconf 81' lang='lat' dir='ltr'><strong>loco</strong></span> <span class='ocrx_word' id='word_1_268' title='bbox 1041 2842 1313 2886; x_wconf 76' lang='lat' dir='ltr'><strong>attribuitur</strong></span> <span class='ocrx_word' id='word_1_269' title='bbox 1340 2844 1346 2897; x_wconf 86' lang='grc' dir='ltr'>Ι</span> <span class='ocrx_word' id='word_1_270' title='bbox 1373 2841 1689 2898; x_wconf 73' lang='lat' dir='ltr'><strong>hyperentora¹</strong></span> <span class='ocrx_word' id='word_1_271' title='bbox 1718 2845 1751 2883; x_wconf 87' lang='lat' dir='ltr'><strong>P</strong></span> <span class='ocrx_word' id='word_1_272' title='bbox 1797 2842 1810 2897; x_wconf 56' lang='lat'><strong>{1</strong></span> 
     </span>
     <span class='ocr_line' id='line_1_39' title="bbox 113 2896 1804 2955; baseline 0.003 -14"><span class='ocrx_word' id='word_1_273' title='bbox 113 2901 200 2942; x_wconf 79' lang='lat'><strong>497</strong></span> <span class='ocrx_word' id='word_1_274' title='bbox 229 2896 396 2942; x_wconf 88' lang='lat' dir='ltr'><strong>haemo</strong></span> <span class='ocrx_word' id='word_1_275' title='bbox 423 2902 497 2941; x_wconf 87' lang='lat' dir='ltr'><strong>PB</strong></span> <span class='ocrx_word' id='word_1_276' title='bbox 528 2898 666 2943; x_wconf 83' lang='lat' dir='ltr'><strong>heros</strong></span> <span class='ocrx_word' id='word_1_277' title='bbox 699 2904 735 2942; x_wconf 81' lang='lat' dir='ltr'>G</span> <span class='ocrx_word' id='word_1_278' title='bbox 768 2901 991 2945; x_wconf 87' lang='lat' dir='ltr'><strong>Ismenius</strong></span> <span class='ocrx_word' id='word_1_279' title='bbox 1022 2900 1159 2945; x_wconf 89' lang='lat' dir='ltr'><strong>heros</strong></span> <span class='ocrx_word' id='word_1_280' title='bbox 1190 2900 1253 2944; x_wconf 91' lang='lat' dir='ltr'><strong>D.</strong></span> <span class='ocrx_word' id='word_1_281' title='bbox 1287 2901 1511 2945; x_wconf 77' lang='lat' dir='ltr'><strong>Heinsius</strong></span> <span class='ocrx_word' id='word_1_282' title='bbox 1542 2900 1600 2955; x_wconf 79' lang='lat' dir='ltr'><strong>cf.</strong></span> <span class='ocrx_word' id='word_1_283' title='bbox 1633 2914 1674 2944; x_wconf 81' lang='grc' dir='ltr'><strong>υ.</strong></span> <span class='ocrx_word' id='word_1_284' title='bbox 1711 2904 1804 2946; x_wconf 83' lang='grc'><strong>457</strong></span> 
     </span>
    </p>
   </div>
   <div class='ocr_carea' id='block_1_8' title="bbox 204 2978 1453 3019">
    <p class='ocr_par' dir='ltr' id='par_1_8' title="bbox 204 2978 1453 3019">
     <span class='ocr_line' id='line_1_40' title="bbox 204 2978 1453 3019; baseline 0.006 -7"><span class='ocrx_word' id='word_1_285' title='bbox 204 2978 345 3013; x_wconf 54' lang='lat' dir='ltr'><strong>Srn‘ru</strong></span> <span class='ocrx_word' id='word_1_286' title='bbox 369 2981 562 3015; x_wconf 68' lang='lat' dir='ltr'><strong>Tannus.</strong></span> <span class='ocrx_word' id='word_1_287' title='bbox 1400 2979 1453 3019; x_wconf 85' lang='lat'><strong>15</strong></span> 
     </span>
    </p>
   </div>
  </div>
 </body>
</html>
