<?xml version="1.0" encoding="UTF-8"?>
<!DOCTYPE html PUBLIC "-//W3C//DTD XHTML 1.0 Transitional//EN"
    "http://www.w3.org/TR/xhtml1/DTD/xhtml1-transitional.dtd">
<html xmlns="http://www.w3.org/1999/xhtml" xml:lang="en" lang="en">
 <head>
  <title>
</title>
<meta http-equiv="Content-Type" content="text/html;charset=utf-8" />
  <meta name='ocr-system' content='tesseract 3.04.00' />
  <meta name='ocr-capabilities' content='ocr_page ocr_carea ocr_par ocr_line ocrx_word'/>
</head>
<body>
  <div class='ocr_page' id='page_1' title='image "./operapapinius12statuoft_0218.png"; bbox 0 0 2020 3106; ppageno 0'>
   <div class='ocr_carea' id='block_1_1' title="bbox 275 93 1384 146">
    <p class='ocr_par' dir='ltr' id='par_1_1' title="bbox 275 93 1384 146">
     <span class='ocr_line' id='line_1_1' title="bbox 275 93 1384 146; baseline -0.008 0"><span class='ocrx_word' id='word_1_1' title='bbox 275 93 340 146; x_wconf 86' lang='grc'>16</span> <span class='ocrx_word' id='word_1_2' title='bbox 838 93 888 139; x_wconf 90' lang='grc' dir='ltr'>Ρ.</span> <span class='ocrx_word' id='word_1_3' title='bbox 921 93 1153 139; x_wconf 89' lang='lat' dir='ltr'>PAPINII</span> <span class='ocrx_word' id='word_1_4' title='bbox 1184 93 1384 138; x_wconf 86' lang='lat' dir='ltr'>STATII</span> 
     </span>
    </p>
   </div>
   <div class='ocr_carea' id='block_1_2' title="bbox 264 213 1994 2054">
    <p class='ocr_par' dir='ltr' id='par_1_2' title="bbox 269 213 1686 283">
     <span class='ocr_line' id='line_1_2' title="bbox 269 213 1686 283; baseline 0.001 -16"><span class='ocrx_word' id='word_1_5' title='bbox 269 213 556 268; x_wconf 83' lang='lat' dir='ltr'>Deidamia</span> <span class='ocrx_word' id='word_1_6' title='bbox 596 214 747 267; x_wconf 91' lang='lat' dir='ltr'>chori</span> <span class='ocrx_word' id='word_1_7' title='bbox 784 214 1131 283; x_wconf 78' lang='lat' dir='ltr'>pulchrisque</span> <span class='ocrx_word' id='word_1_8' title='bbox 1171 214 1446 267; x_wconf 87' lang='lat' dir='ltr'>sororibus</span> <span class='ocrx_word' id='word_1_9' title='bbox 1487 214 1686 268; x_wconf 86' lang='lat' dir='ltr'>obstat.</span> 
     </span>
    </p>

    <p class='ocr_par' dir='ltr' id='par_1_3' title="bbox 266 288 1536 357">
     <span class='ocr_line' id='line_1_3' title="bbox 266 288 1536 357; baseline 0.001 -17"><span class='ocrx_word' id='word_1_10' title='bbox 266 288 426 341; x_wconf 89' lang='lat' dir='ltr'>Illius</span> <span class='ocrx_word' id='word_1_11' title='bbox 467 292 521 341; x_wconf 89' lang='lat' dir='ltr'>et</span> <span class='ocrx_word' id='word_1_12' title='bbox 557 307 714 342; x_wconf 88' lang='lat' dir='ltr'>roseo</span> <span class='ocrx_word' id='word_1_13' title='bbox 755 288 1067 340; x_wconf 89' lang='lat' dir='ltr'>flammatur</span> <span class='ocrx_word' id='word_1_14' title='bbox 1104 306 1346 357; x_wconf 89' lang='lat' dir='ltr'>purpura</span> <span class='ocrx_word' id='word_1_15' title='bbox 1380 288 1536 341; x_wconf 83' lang='lat' dir='ltr'>vultu</span> 
     </span>
    </p>

    <p class='ocr_par' dir='ltr' id='par_1_4' title="bbox 267 361 1776 432">
     <span class='ocr_line' id='line_1_4' title="bbox 267 361 1776 432; baseline 0.001 -18"><span class='ocrx_word' id='word_1_16' title='bbox 267 361 342 414; x_wconf 86' lang='lat' dir='ltr'>Et</span> <span class='ocrx_word' id='word_1_17' title='bbox 382 363 610 432; x_wconf 87' lang='lat' dir='ltr'>gemmis</span> <span class='ocrx_word' id='word_1_18' title='bbox 649 362 744 414; x_wconf 85' lang='lat' dir='ltr'>lux</span> <span class='ocrx_word' id='word_1_19' title='bbox 782 362 956 414; x_wconf 89' lang='lat' dir='ltr'>maior</span> <span class='ocrx_word' id='word_1_20' title='bbox 992 362 1136 414; x_wconf 86' lang='lat' dir='ltr'>inest</span> <span class='ocrx_word' id='word_1_21' title='bbox 1174 364 1230 413; x_wconf 90' lang='lat' dir='ltr'>et</span> <span class='ocrx_word' id='word_1_22' title='bbox 1268 361 1520 415; x_wconf 89' lang='lat' dir='ltr'>blandius</span> <span class='ocrx_word' id='word_1_23' title='bbox 1562 380 1776 415; x_wconf 89' lang='lat' dir='ltr'>aurum:</span> 
     </span>
    </p>

    <p class='ocr_par' dir='ltr' id='par_1_5' title="bbox 269 435 1797 506">
     <span class='ocr_line' id='line_1_5' title="bbox 269 435 1797 506; baseline 0 -17"><span class='ocrx_word' id='word_1_24' title='bbox 269 437 449 504; x_wconf 90' lang='lat' dir='ltr'>Atque</span> <span class='ocrx_word' id='word_1_25' title='bbox 488 437 597 504; x_wconf 88' lang='lat' dir='ltr'>ipsi</span> <span class='ocrx_word' id='word_1_26' title='bbox 635 454 735 504; x_wconf 88' lang='lat' dir='ltr'>par</span> <span class='ocrx_word' id='word_1_27' title='bbox 771 435 949 488; x_wconf 86' lang='lat' dir='ltr'>forma</span> <span class='ocrx_word' id='word_1_28' title='bbox 988 435 1194 504; x_wconf 82' lang='lat' dir='ltr'>deaest‚</span> <span class='ocrx_word' id='word_1_29' title='bbox 1233 435 1280 487; x_wconf 89' lang='lat' dir='ltr'>si</span> <span class='ocrx_word' id='word_1_30' title='bbox 1318 435 1552 503; x_wconf 88' lang='lat' dir='ltr'>pectoris</span> <span class='ocrx_word' id='word_1_31' title='bbox 1593 453 1797 506; x_wconf 82' lang='lat' dir='ltr'>angues</span> 
     </span>
    </p>

    <p class='ocr_par' dir='ltr' id='par_1_6' title="bbox 268 508 1962 578">
     <span class='ocr_line' id='line_1_6' title="bbox 268 508 1962 578; baseline 0.001 -16"><span class='ocrx_word' id='word_1_32' title='bbox 268 509 446 562; x_wconf 89' lang='lat' dir='ltr'>Ponat</span> <span class='ocrx_word' id='word_1_33' title='bbox 486 513 540 562; x_wconf 89' lang='lat' dir='ltr'>et</span> <span class='ocrx_word' id='word_1_34' title='bbox 580 512 829 577; x_wconf 86' lang='lat' dir='ltr'>exempta</span> <span class='ocrx_word' id='word_1_35' title='bbox 866 511 1089 578; x_wconf 89' lang='lat' dir='ltr'>pacetur</span> <span class='ocrx_word' id='word_1_36' title='bbox 1128 508 1337 561; x_wconf 80' lang='lat' dir='ltr'>casside</span> <span class='ocrx_word' id='word_1_37' title='bbox 1376 508 1574 562; x_wconf 71' lang='lat' dir='ltr'>vultus</span> <span class='ocrx_word' id='word_1_38' title='bbox 1876 523 1962 564; x_wconf 95' lang='grc'>300</span> 
     </span>
    </p>

    <p class='ocr_par' dir='ltr' id='par_1_7' title="bbox 268 582 1994 652">
     <span class='ocr_line' id='line_1_7' title="bbox 268 582 1994 652; baseline 0.001 -18"><span class='ocrx_word' id='word_1_39' title='bbox 268 582 423 636; x_wconf 91' lang='lat' dir='ltr'>Hanc</span> <span class='ocrx_word' id='word_1_40' title='bbox 462 583 557 636; x_wconf 94' lang='lat' dir='ltr'>ubi</span> <span class='ocrx_word' id='word_1_41' title='bbox 597 584 878 636; x_wconf 89' lang='lat' dir='ltr'>ducentem</span> <span class='ocrx_word' id='word_1_42' title='bbox 917 583 1078 652; x_wconf 88' lang='lat' dir='ltr'>longe</span> <span class='ocrx_word' id='word_1_43' title='bbox 1119 583 1266 635; x_wconf 90' lang='lat' dir='ltr'>socia</span> <span class='ocrx_word' id='word_1_44' title='bbox 1305 582 1525 652; x_wconf 87' lang='lat' dir='ltr'>agmina</span> <span class='ocrx_word' id='word_1_45' title='bbox 1562 583 1699 636; x_wconf 85' lang='lat' dir='ltr'>vidit</span> <span class='ocrx_word' id='word_1_46' title='bbox 1989 600 1994 604; x_wconf 84' lang='grc'><em>·</em></span> 
     </span>
    </p>

    <p class='ocr_par' dir='ltr' id='par_1_8' title="bbox 269 657 1675 726">
     <span class='ocr_line' id='line_1_8' title="bbox 269 657 1675 726; baseline 0 -17"><span class='ocrx_word' id='word_1_47' title='bbox 269 657 417 709; x_wconf 84' lang='lat' dir='ltr'>Trux</span> <span class='ocrx_word' id='word_1_48' title='bbox 455 676 586 726; x_wconf 91' lang='lat' dir='ltr'>puer</span> <span class='ocrx_word' id='word_1_49' title='bbox 627 660 680 710; x_wconf 91' lang='lat' dir='ltr'>et</span> <span class='ocrx_word' id='word_1_50' title='bbox 716 657 868 709; x_wconf 92' lang='lat' dir='ltr'>nullo</span> <span class='ocrx_word' id='word_1_51' title='bbox 905 659 1202 709; x_wconf 70' lang='lat' dir='ltr'>temeratus</span> <span class='ocrx_word' id='word_1_52' title='bbox 1241 660 1463 725; x_wconf 77' lang='lat' dir='ltr'>pectora</span> <span class='ocrx_word' id='word_1_53' title='bbox 1500 659 1675 725; x_wconf 86' lang='lat' dir='ltr'>motu,</span> 
     </span>
    </p>

    <p class='ocr_par' dir='ltr' id='par_1_9' title="bbox 268 729 1711 801">
     <span class='ocr_line' id='line_1_9' title="bbox 268 729 1711 801; baseline -0.001 -18"><span class='ocrx_word' id='word_1_54' title='bbox 268 730 523 800; x_wconf 89' lang='lat' dir='ltr'>Deriguit</span> <span class='ocrx_word' id='word_1_55' title='bbox 559 731 799 800; x_wconf 87' lang='lat' dir='ltr'>totisque</span> <span class='ocrx_word' id='word_1_56' title='bbox 837 749 1040 784; x_wconf 78' lang='lat' dir='ltr'>novum</span> <span class='ocrx_word' id='word_1_57' title='bbox 1078 730 1222 783; x_wconf 88' lang='lat' dir='ltr'>bibit</span> <span class='ocrx_word' id='word_1_58' title='bbox 1259 730 1474 783; x_wconf 91' lang='lat' dir='ltr'>ossibus</span> <span class='ocrx_word' id='word_1_59' title='bbox 1513 729 1711 801; x_wconf 84' lang='lat' dir='ltr'>ignem.</span> 
     </span>
    </p>

    <p class='ocr_par' dir='ltr' id='par_1_10' title="bbox 267 803 1842 873">
     <span class='ocr_line' id='line_1_10' title="bbox 267 803 1842 873; baseline 0.001 -17"><span class='ocrx_word' id='word_1_60' title='bbox 267 803 383 857; x_wconf 90' lang='lat' dir='ltr'>Nec</span> <span class='ocrx_word' id='word_1_61' title='bbox 423 805 561 857; x_wconf 90' lang='lat' dir='ltr'>latet</span> <span class='ocrx_word' id='word_1_62' title='bbox 598 805 826 858; x_wconf 90' lang='lat' dir='ltr'>haustus</span> <span class='ocrx_word' id='word_1_63' title='bbox 867 822 1038 873; x_wconf 88' lang='lat' dir='ltr'>amor,</span> <span class='ocrx_word' id='word_1_64' title='bbox 1079 803 1174 857; x_wconf 91' lang='lat' dir='ltr'>sed</span> <span class='ocrx_word' id='word_1_65' title='bbox 1209 803 1303 856; x_wconf 81' lang='lat' dir='ltr'>fax</span> <span class='ocrx_word' id='word_1_66' title='bbox 1340 803 1556 857; x_wconf 83' lang='lat' dir='ltr'>vibrata</span> <span class='ocrx_word' id='word_1_67' title='bbox 1593 804 1842 857; x_wconf 89' lang='lat' dir='ltr'>medullis</span> 
     </span>
    </p>

    <p class='ocr_par' dir='ltr' id='par_1_11' title="bbox 267 877 1962 948">
     <span class='ocr_line' id='line_1_11' title="bbox 267 877 1962 948; baseline 0.001 -18"><span class='ocrx_word' id='word_1_68' title='bbox 267 877 332 931; x_wconf 89' lang='lat' dir='ltr'>In</span> <span class='ocrx_word' id='word_1_69' title='bbox 371 879 551 931; x_wconf 86' lang='lat' dir='ltr'>vultus</span> <span class='ocrx_word' id='word_1_70' title='bbox 594 881 755 947; x_wconf 91' lang='lat' dir='ltr'>atque</span> <span class='ocrx_word' id='word_1_71' title='bbox 796 896 891 931; x_wconf 85' lang='lat' dir='ltr'>ora</span> <span class='ocrx_word' id='word_1_72' title='bbox 928 878 1070 931; x_wconf 90' lang='lat' dir='ltr'>redit</span> <span class='ocrx_word' id='word_1_73' title='bbox 1109 878 1390 947; x_wconf 89' lang='lat' dir='ltr'>lucemque</span> <span class='ocrx_word' id='word_1_74' title='bbox 1429 895 1691 948; x_wconf 86' lang='lat' dir='ltr'>genarum</span> <span class='ocrx_word' id='word_1_75' title='bbox 1876 891 1962 931; x_wconf 86' lang='lat'>305</span> 
     </span>
    </p>

    <p class='ocr_par' dir='ltr' id='par_1_12' title="bbox 268 951 1596 1021">
     <span class='ocr_line' id='line_1_12' title="bbox 268 951 1596 1021; baseline 0 -17"><span class='ocrx_word' id='word_1_76' title='bbox 268 952 456 1021; x_wconf 89' lang='lat' dir='ltr'>Tingit</span> <span class='ocrx_word' id='word_1_77' title='bbox 496 955 549 1004; x_wconf 88' lang='lat' dir='ltr'>et</span> <span class='ocrx_word' id='word_1_78' title='bbox 587 953 880 1021; x_wconf 89' lang='lat' dir='ltr'>impulsam</span> <span class='ocrx_word' id='word_1_79' title='bbox 918 952 1072 1005; x_wconf 89' lang='lat' dir='ltr'>tenui</span> <span class='ocrx_word' id='word_1_80' title='bbox 1109 951 1301 1004; x_wconf 87' lang='lat' dir='ltr'>sudore</span> <span class='ocrx_word' id='word_1_81' title='bbox 1339 954 1596 1020; x_wconf 74' lang='lat' dir='ltr'>pererrat.</span> 
     </span>
    </p>

    <p class='ocr_par' dir='ltr' id='par_1_13' title="bbox 266 1025 1676 1095">
     <span class='ocr_line' id='line_1_13' title="bbox 266 1025 1676 1095; baseline 0 -17"><span class='ocrx_word' id='word_1_82' title='bbox 266 1025 468 1078; x_wconf 90' lang='lat' dir='ltr'>Lactea</span> <span class='ocrx_word' id='word_1_83' title='bbox 506 1025 848 1095; x_wconf 88' lang='lat' dir='ltr'>Massagetae</span> <span class='ocrx_word' id='word_1_84' title='bbox 887 1025 1057 1078; x_wconf 86' lang='lat' dir='ltr'>veluti</span> <span class='ocrx_word' id='word_1_85' title='bbox 1097 1043 1218 1077; x_wconf 91' lang='lat' dir='ltr'>cum</span> <span class='ocrx_word' id='word_1_86' title='bbox 1255 1026 1452 1094; x_wconf 89' lang='lat' dir='ltr'>pocula</span> <span class='ocrx_word' id='word_1_87' title='bbox 1489 1025 1676 1078; x_wconf 86' lang='lat' dir='ltr'>fucant</span> 
     </span>
    </p>

    <p class='ocr_par' dir='ltr' id='par_1_14' title="bbox 268 1098 1724 1170">
     <span class='ocr_line' id='line_1_14' title="bbox 268 1098 1724 1170; baseline 0.001 -19"><span class='ocrx_word' id='word_1_88' title='bbox 268 1098 541 1170; x_wconf 79' lang='lat' dir='ltr'>Sanguine</span> <span class='ocrx_word' id='word_1_89' title='bbox 580 1100 808 1168; x_wconf 89' lang='lat' dir='ltr'>puniceo</span> <span class='ocrx_word' id='word_1_90' title='bbox 849 1100 936 1152; x_wconf 85' lang='lat' dir='ltr'>vel</span> <span class='ocrx_word' id='word_1_91' title='bbox 976 1100 1108 1152; x_wconf 91' lang='lat' dir='ltr'>ebur</span> <span class='ocrx_word' id='word_1_92' title='bbox 1147 1099 1511 1167; x_wconf 70' lang='lat' dir='ltr'>corrumpitur</span> <span class='ocrx_word' id='word_1_93' title='bbox 1551 1102 1724 1152; x_wconf 92' lang='lat' dir='ltr'>ostro·</span> 
     </span>
    </p>

    <p class='ocr_par' dir='ltr' id='par_1_15' title="bbox 269 1171 1694 1242">
     <span class='ocr_line' id='line_1_15' title="bbox 269 1171 1694 1242; baseline -0.001 -16"><span class='ocrx_word' id='word_1_94' title='bbox 269 1171 357 1226; x_wconf 78' lang='lat' dir='ltr'>Sic</span> <span class='ocrx_word' id='word_1_95' title='bbox 396 1174 563 1227; x_wconf 86' lang='lat' dir='ltr'>variis</span> <span class='ocrx_word' id='word_1_96' title='bbox 603 1173 895 1226; x_wconf 83' lang='lat' dir='ltr'>manifesta</span> <span class='ocrx_word' id='word_1_97' title='bbox 931 1174 1077 1226; x_wconf 89' lang='lat' dir='ltr'>notis</span> <span class='ocrx_word' id='word_1_98' title='bbox 1117 1173 1394 1242; x_wconf 88' lang='lat' dir='ltr'>palletque</span> <span class='ocrx_word' id='word_1_99' title='bbox 1431 1173 1694 1241; x_wconf 86' lang='lat' dir='ltr'>rubetque</span> 
     </span>
    </p>

    <p class='ocr_par' dir='ltr' id='par_1_16' title="bbox 266 1245 1962 1328">
     <span class='ocr_line' id='line_1_16' title="bbox 266 1245 1962 1328; baseline 0 -28"><span class='ocrx_word' id='word_1_100' title='bbox 266 1246 513 1300; x_wconf 85' lang='lat' dir='ltr'>Flamma</span> <span class='ocrx_word' id='word_1_101' title='bbox 535 1265 745 1316; x_wconf 79' lang='lat' dir='ltr'>repens,</span> <span class='ocrx_word' id='word_1_102' title='bbox 776 1246 884 1299; x_wconf 86' lang='lat' dir='ltr'>Eat</span> <span class='ocrx_word' id='word_1_103' title='bbox 909 1249 1070 1316; x_wconf 88' lang='lat' dir='ltr'>atque</span> <span class='ocrx_word' id='word_1_104' title='bbox 1093 1247 1238 1328; x_wconf 78' lang='lat' dir='ltr'>ultro</span> <span class='ocrx_word' id='word_1_105' title='bbox 1262 1245 1408 1299; x_wconf 84' lang='lat' dir='ltr'>ferus</span> <span class='ocrx_word' id='word_1_106' title='bbox 1433 1246 1655 1315; x_wconf 91' lang='lat' dir='ltr'>hospita</span> <span class='ocrx_word' id='word_1_107' title='bbox 1675 1264 1828 1299; x_wconf 87' lang='lat' dir='ltr'>sacra</span> <span class='ocrx_word' id='word_1_108' title='bbox 1874 1260 1962 1300; x_wconf 87' lang='lat'>310</span> 
     </span>
    </p>

    <p class='ocr_par' dir='ltr' id='par_1_17' title="bbox 266 1318 1614 1389">
     <span class='ocr_line' id='line_1_17' title="bbox 266 1318 1614 1389; baseline -0.001 -16"><span class='ocrx_word' id='word_1_109' title='bbox 266 1320 530 1374; x_wconf 89' lang='lat' dir='ltr'>Dissiciat</span> <span class='ocrx_word' id='word_1_110' title='bbox 566 1322 759 1374; x_wconf 89' lang='lat' dir='ltr'>turbae</span> <span class='ocrx_word' id='word_1_111' title='bbox 800 1339 1016 1374; x_wconf 88' lang='lat' dir='ltr'>securus</span> <span class='ocrx_word' id='word_1_112' title='bbox 1056 1323 1111 1373; x_wconf 91' lang='lat' dir='ltr'>et</span> <span class='ocrx_word' id='word_1_113' title='bbox 1147 1318 1434 1373; x_wconf 89' lang='lat' dir='ltr'>immemor</span> <span class='ocrx_word' id='word_1_114' title='bbox 1472 1320 1614 1389; x_wconf 85' lang='lat' dir='ltr'>aevi,</span> 
     </span>
    </p>

    <p class='ocr_par' dir='ltr' id='par_1_18' title="bbox 265 1393 1703 1464">
     <span class='ocr_line' id='line_1_18' title="bbox 265 1393 1703 1464; baseline -0.001 -16"><span class='ocrx_word' id='word_1_115' title='bbox 265 1393 339 1448; x_wconf 92' lang='lat' dir='ltr'>Ni</span> <span class='ocrx_word' id='word_1_116' title='bbox 377 1395 549 1464; x_wconf 89' lang='lat' dir='ltr'>pudor</span> <span class='ocrx_word' id='word_1_117' title='bbox 590 1398 643 1448; x_wconf 92' lang='lat' dir='ltr'>et</span> <span class='ocrx_word' id='word_1_118' title='bbox 679 1396 893 1447; x_wconf 88' lang='lat' dir='ltr'>iunctae</span> <span class='ocrx_word' id='word_1_119' title='bbox 933 1397 1116 1448; x_wconf 88' lang='lat' dir='ltr'>teneat</span> <span class='ocrx_word' id='word_1_120' title='bbox 1154 1394 1456 1448; x_wconf 84' lang='lat' dir='ltr'>reverentia</span> <span class='ocrx_word' id='word_1_121' title='bbox 1494 1393 1703 1447; x_wconf 88' lang='lat' dir='ltr'>matris.</span> 
     </span>
    </p>

    <p class='ocr_par' dir='ltr' id='par_1_19' title="bbox 265 1467 1725 1537">
     <span class='ocr_line' id='line_1_19' title="bbox 265 1467 1725 1537; baseline 0 -17"><span class='ocrx_word' id='word_1_122' title='bbox 265 1467 344 1520; x_wconf 91' lang='lat' dir='ltr'>Ut</span> <span class='ocrx_word' id='word_1_123' title='bbox 380 1471 534 1537; x_wconf 88' lang='lat' dir='ltr'>pater</span> <span class='ocrx_word' id='word_1_124' title='bbox 573 1469 807 1521; x_wconf 89' lang='lat' dir='ltr'>armenti</span> <span class='ocrx_word' id='word_1_125' title='bbox 846 1469 1116 1537; x_wconf 91' lang='lat' dir='ltr'>quondam</span> <span class='ocrx_word' id='word_1_126' title='bbox 1155 1468 1450 1537; x_wconf 90' lang='lat' dir='ltr'>ductorque</span> <span class='ocrx_word' id='word_1_127' title='bbox 1486 1468 1725 1537; x_wconf 85' lang='lat' dir='ltr'>futurus,</span> 
     </span>
    </p>

    <p class='ocr_par' dir='ltr' id='par_1_20' title="bbox 268 1539 1816 1613">
     <span class='ocr_line' id='line_1_20' title="bbox 268 1539 1816 1613; baseline 0.001 -20"><span class='ocrx_word' id='word_1_128' title='bbox 268 1539 369 1593; x_wconf 81' lang='lat' dir='ltr'>Oui</span> <span class='ocrx_word' id='word_1_129' title='bbox 406 1542 649 1595; x_wconf 91' lang='lat' dir='ltr'>nondum</span> <span class='ocrx_word' id='word_1_130' title='bbox 686 1545 805 1595; x_wconf 89' lang='lat' dir='ltr'>toto</span> <span class='ocrx_word' id='word_1_131' title='bbox 844 1545 1178 1613; x_wconf 86' lang='lat' dir='ltr'>peraguntur</span> <span class='ocrx_word' id='word_1_132' title='bbox 1217 1560 1418 1594; x_wconf 89' lang='lat' dir='ltr'>cornua</span> <span class='ocrx_word' id='word_1_133' title='bbox 1457 1558 1624 1610; x_wconf 85' lang='lat' dir='ltr'>gyr0‚</span> <span class='ocrx_word' id='word_1_134' title='bbox 1812 1548 1816 1551; x_wconf 80' lang='grc'><strong>’</strong></span> 
     </span>
    </p>

    <p class='ocr_par' dir='ltr' id='par_1_21' title="bbox 268 1613 1960 1685">
     <span class='ocr_line' id='line_1_21' title="bbox 268 1613 1960 1685; baseline 0.001 -18"><span class='ocrx_word' id='word_1_135' title='bbox 268 1613 406 1667; x_wconf 82' lang='lat' dir='ltr'>Cum</span> <span class='ocrx_word' id='word_1_136' title='bbox 446 1616 649 1668; x_wconf 88' lang='lat' dir='ltr'>sociam</span> <span class='ocrx_word' id='word_1_137' title='bbox 686 1618 877 1685; x_wconf 88' lang='lat' dir='ltr'>pastus</span> <span class='ocrx_word' id='word_1_138' title='bbox 915 1616 1075 1669; x_wconf 87' lang='lat' dir='ltr'>niveo</span> <span class='ocrx_word' id='word_1_139' title='bbox 1114 1615 1345 1668; x_wconf 90' lang='lat' dir='ltr'>candore</span> <span class='ocrx_word' id='word_1_140' title='bbox 1383 1615 1668 1668; x_wconf 83' lang='lat' dir='ltr'>iuvencam</span> <span class='ocrx_word' id='word_1_141' title='bbox 1875 1627 1960 1668; x_wconf 84' lang='lat'>315</span> 
     </span>
    </p>

    <p class='ocr_par' dir='ltr' id='par_1_22' title="bbox 266 1688 1672 1758">
     <span class='ocr_line' id='line_1_22' title="bbox 266 1688 1672 1758; baseline -0.001 -17"><span class='ocrx_word' id='word_1_142' title='bbox 266 1688 504 1758; x_wconf 86' lang='lat' dir='ltr'>Aspicit,</span> <span class='ocrx_word' id='word_1_143' title='bbox 545 1689 834 1742; x_wconf 89' lang='lat' dir='ltr'>ardescunt</span> <span class='ocrx_word' id='word_1_144' title='bbox 872 1689 1040 1741; x_wconf 89' lang='lat' dir='ltr'>animi</span> <span class='ocrx_word' id='word_1_145' title='bbox 1086 1688 1400 1758; x_wconf 89' lang='lat' dir='ltr'>primusque</span> <span class='ocrx_word' id='word_1_146' title='bbox 1439 1706 1536 1757; x_wconf 90' lang='lat' dir='ltr'>per</span> <span class='ocrx_word' id='word_1_147' title='bbox 1575 1707 1672 1741; x_wconf 89' lang='lat' dir='ltr'>ora</span> 
     </span>
    </p>

    <p class='ocr_par' dir='ltr' id='par_1_23' title="bbox 268 1760 1911 1906">
     <span class='ocr_line' id='line_1_23' title="bbox 268 1760 1911 1832; baseline 0 -18"><span class='ocrx_word' id='word_1_148' title='bbox 268 1760 498 1831; x_wconf 81' lang='lat' dir='ltr'>Spumat</span> <span class='ocrx_word' id='word_1_149' title='bbox 538 1782 711 1831; x_wconf 81' lang='lat' dir='ltr'>amor,</span> <span class='ocrx_word' id='word_1_150' title='bbox 751 1765 1001 1831; x_wconf 88' lang='lat' dir='ltr'>spectant</span> <span class='ocrx_word' id='word_1_151' title='bbox 1038 1762 1239 1815; x_wconf 87' lang='lat' dir='ltr'>hilares</span> <span class='ocrx_word' id='word_1_152' title='bbox 1280 1763 1606 1832; x_wconf 87' lang='lat' dir='ltr'>obstantque</span> <span class='ocrx_word' id='word_1_153' title='bbox 1646 1761 1911 1830; x_wconf 87' lang='lat' dir='ltr'>magistri.</span> 
     </span>
     <span class='ocr_line' id='line_1_24' title="bbox 341 1835 1768 1906; baseline 0.001 -17"><span class='ocrx_word' id='word_1_154' title='bbox 341 1835 585 1906; x_wconf 90' lang='lat' dir='ltr'>Occupat</span> <span class='ocrx_word' id='word_1_155' title='bbox 624 1841 838 1905; x_wconf 88' lang='lat' dir='ltr'>arrepto</span> <span class='ocrx_word' id='word_1_156' title='bbox 876 1837 986 1888; x_wconf 92' lang='lat' dir='ltr'>iam</span> <span class='ocrx_word' id='word_1_157' title='bbox 1027 1836 1242 1889; x_wconf 90' lang='lat' dir='ltr'>conscia</span> <span class='ocrx_word' id='word_1_158' title='bbox 1278 1838 1522 1904; x_wconf 89' lang='lat' dir='ltr'>tempore</span> <span class='ocrx_word' id='word_1_159' title='bbox 1561 1838 1768 1890; x_wconf 73' lang='lat' dir='ltr'>mater:</span> 
     </span>
    </p>

    <p class='ocr_par' dir='ltr' id='par_1_24' title="bbox 266 1909 1706 1963">
     <span class='ocr_line' id='line_1_25' title="bbox 266 1909 1706 1963; baseline -0.001 0"><span class='ocrx_word' id='word_1_160' title='bbox 266 1909 472 1963; x_wconf 69' lang='lat' dir='ltr'>‘Hasne</span> <span class='ocrx_word' id='word_1_161' title='bbox 509 1911 655 1963; x_wconf 89' lang='lat' dir='ltr'>inter</span> <span class='ocrx_word' id='word_1_162' title='bbox 695 1910 949 1963; x_wconf 88' lang='lat' dir='ltr'>simulare</span> <span class='ocrx_word' id='word_1_163' title='bbox 989 1910 1182 1963; x_wconf 91' lang='lat' dir='ltr'>choros</span> <span class='ocrx_word' id='word_1_164' title='bbox 1224 1913 1278 1963; x_wconf 90' lang='lat' dir='ltr'>et</span> <span class='ocrx_word' id='word_1_165' title='bbox 1315 1910 1542 1962; x_wconf 86' lang='lat' dir='ltr'>brachia</span> <span class='ocrx_word' id='word_1_166' title='bbox 1579 1909 1706 1962; x_wconf 90' lang='lat' dir='ltr'>ludo</span> 
     </span>
    </p>

    <p class='ocr_par' dir='ltr' id='par_1_25' title="bbox 264 1981 1959 2054">
     <span class='ocr_line' id='line_1_26' title="bbox 264 1981 1959 2054; baseline 0 -18"><span class='ocrx_word' id='word_1_167' title='bbox 264 1982 510 2054; x_wconf 86' lang='lat' dir='ltr'>Nectere,</span> <span class='ocrx_word' id='word_1_168' title='bbox 548 1987 691 2054; x_wconf 79' lang='lat' dir='ltr'>nate,</span> <span class='ocrx_word' id='word_1_169' title='bbox 723 2001 884 2054; x_wconf 87' lang='lat' dir='ltr'>grave</span> <span class='ocrx_word' id='word_1_170' title='bbox 918 1984 1036 2036; x_wconf 77' lang='lat' dir='ltr'>est?</span> <span class='ocrx_word' id='word_1_171' title='bbox 1070 1983 1251 2054; x_wconf 88' lang='lat' dir='ltr'>gelida</span> <span class='ocrx_word' id='word_1_172' title='bbox 1276 1983 1404 2053; x_wconf 89' lang='lat' dir='ltr'>quid</span> <span class='ocrx_word' id='word_1_173' title='bbox 1427 1984 1538 2036; x_wconf 90' lang='lat' dir='ltr'>tale</span> <span class='ocrx_word' id='word_1_174' title='bbox 1563 1983 1663 2035; x_wconf 91' lang='lat' dir='ltr'>sub</span> <span class='ocrx_word' id='word_1_175' title='bbox 1688 1981 1827 2035; x_wconf 89' lang='lat' dir='ltr'>Ossa</span> <span class='ocrx_word' id='word_1_176' title='bbox 1873 1996 1959 2036; x_wconf 83' lang='lat'>320</span> 
     </span>
    </p>
   </div>
   <div class='ocr_carea' id='block_1_3' title="bbox 269 2089 623 2096">
    <p class='ocr_par' dir='ltr' id='par_1_26' title="bbox 269 2089 623 2096">
     <span class='ocr_line' id='line_1_27' title="bbox 269 2089 623 2096; baseline 0 1010"><span class='ocrx_word' id='word_1_177' title='bbox 269 2089 623 2096; x_wconf 95' lang='lat' dir='ltr'> </span> 
     </span>
    </p>
   </div>
   <div class='ocr_carea' id='block_1_4' title="bbox 384 2128 2020 2200">
    <p class='ocr_par' dir='ltr' id='par_1_27' title="bbox 384 2128 2020 2200">
     <span class='ocr_line' id='line_1_28' title="bbox 384 2128 2020 2200; baseline -0.002 -27"><span class='ocrx_word' id='word_1_178' title='bbox 384 2134 470 2174; x_wconf 84' lang='lat'>299</span> <span class='ocrx_word' id='word_1_179' title='bbox 518 2130 651 2175; x_wconf 89' lang='lat' dir='ltr'>deest</span> <span class='ocrx_word' id='word_1_180' title='bbox 688 2134 721 2172; x_wconf 99' lang='lat' dir='ltr'>P</span> <span class='ocrx_word' id='word_1_181' title='bbox 774 2130 890 2174; x_wconf 86' lang='lat' dir='ltr'>deae</span> <span class='ocrx_word' id='word_1_182' title='bbox 928 2131 1060 2174; x_wconf 84' lang='lat' dir='ltr'>ceteri</span> <span class='ocrx_word' id='word_1_183' title='bbox 1114 2129 1277 2173; x_wconf 85' lang='lat' dir='ltr'>deaest</span> <span class='ocrx_word' id='word_1_184' title='bbox 1313 2128 1480 2184; x_wconf 77' lang='lat' dir='ltr'>scripsi</span> <span class='ocrx_word' id='word_1_185' title='bbox 1516 2128 1532 2184; x_wconf 90' lang='grc'>11</span> <span class='ocrx_word' id='word_1_186' title='bbox 1571 2131 1657 2171; x_wconf 91' lang='grc'>300</span> <span class='ocrx_word' id='word_1_187' title='bbox 1704 2128 1898 2184; x_wconf 85' lang='lat' dir='ltr'>pacetur</span> <span class='ocrx_word' id='word_1_188' title='bbox 1927 2131 1961 2169; x_wconf 91' lang='lat' dir='ltr'>P</span> <span class='ocrx_word' id='word_1_189' title='bbox 2009 2160 2020 2200; x_wconf 38' lang='grc' dir='ltr'><em>Ξ</em></span> 
     </span>
    </p>
   </div>
   <div class='ocr_carea' id='block_1_5' title="bbox 264 2229 2020 2879">
    <p class='ocr_par' dir='ltr' id='par_1_28' title="bbox 264 2229 2020 2879">
     <span class='ocr_line' id='line_1_29' title="bbox 264 2229 2020 2288; baseline -0.001 -12"><span class='ocrx_word' id='word_1_190' title='bbox 264 2235 337 2286; x_wconf 81' lang='lat' dir='ltr'>(ut</span> <span class='ocrx_word' id='word_1_191' title='bbox 369 2246 483 2277; x_wconf 84' lang='lat' dir='ltr'>corr</span> <span class='ocrx_word' id='word_1_192' title='bbox 516 2233 641 2278; x_wconf 87' lang='lat' dir='ltr'>Dan.</span> <span class='ocrx_word' id='word_1_193' title='bbox 675 2233 918 2288; x_wconf 72' lang='lat' dir='ltr'>Heinsius)</span> <span class='ocrx_word' id='word_1_194' title='bbox 952 2233 1165 2288; x_wconf 85' lang='lat' dir='ltr'>placetur</span> <span class='ocrx_word' id='word_1_195' title='bbox 1196 2232 1329 2276; x_wconf 82' lang='lat' dir='ltr'>ceteri</span> <span class='ocrx_word' id='word_1_196' title='bbox 1361 2232 1369 2287; x_wconf 97' lang='grc'>1</span> <span class='ocrx_word' id='word_1_197' title='bbox 1409 2229 1655 2287; x_wconf 85' lang='lat' dir='ltr'>capsideP</span> <span class='ocrx_word' id='word_1_198' title='bbox 1677 2231 1694 2286; x_wconf 93' lang='grc'>11</span> <span class='ocrx_word' id='word_1_199' title='bbox 1716 2234 1802 2274; x_wconf 82' lang='grc'>302</span> <span class='ocrx_word' id='word_1_200' title='bbox 1827 2231 1961 2275; x_wconf 85' lang='lat' dir='ltr'>vultu</span> <span class='ocrx_word' id='word_1_201' title='bbox 2012 2230 2020 2266; x_wconf 75' lang='grc' dir='ltr'><strong><em>Ξ</em></strong></span> 
     </span>
     <span class='ocr_line' id='line_1_30' title="bbox 265 2288 2020 2348; baseline -0.001 -15"><span class='ocrx_word' id='word_1_202' title='bbox 265 2293 444 2348; x_wconf 66' lang='grc'><strong>1911303</strong></span> <span class='ocrx_word' id='word_1_203' title='bbox 478 2292 685 2348; x_wconf 71' lang='lat' dir='ltr'>Dii-iguit</span> <span class='ocrx_word' id='word_1_204' title='bbox 715 2293 842 2336; x_wconf 81' lang='lat' dir='ltr'>codd.</span> <span class='ocrx_word' id='word_1_205' title='bbox 897 2291 1040 2347; x_wconf 88' lang='lat' dir='ltr'>Derig</span> <span class='ocrx_word' id='word_1_206' title='bbox 1041 2291 1114 2335; x_wconf 86' lang='lat' dir='ltr'>uit</span> <span class='ocrx_word' id='word_1_207' title='bbox 1142 2292 1310 2348; x_wconf 77' lang='lat' dir='ltr'>scripsi</span> <span class='ocrx_word' id='word_1_208' title='bbox 1341 2290 1438 2334; x_wconf 79' lang='lat' dir='ltr'>coll.</span> <span class='ocrx_word' id='word_1_209' title='bbox 1483 2289 1618 2334; x_wconf 79' lang='lat' dir='ltr'>Theb.</span> <span class='ocrx_word' id='word_1_210' title='bbox 1654 2288 1698 2332; x_wconf 90' lang='lat' dir='ltr'><strong><em>V</em></strong></span> <span class='ocrx_word' id='word_1_211' title='bbox 1717 2292 1810 2333; x_wconf 88' lang='grc'>396</span> <span class='ocrx_word' id='word_1_212' title='bbox 1851 2289 1964 2332; x_wconf 89' lang='lat' dir='ltr'>VII</span> <span class='ocrx_word' id='word_1_213' title='bbox 2011 2288 2020 2295; x_wconf 86' lang='grc'><em>“</em></span> 
     </span>
     <span class='ocr_line' id='line_1_31' title="bbox 267 2307 2020 2407; baseline -0.003 -12"><span class='ocrx_word' id='word_1_214' title='bbox 267 2354 326 2395; x_wconf 81' lang='lat'>74</span> <span class='ocrx_word' id='word_1_215' title='bbox 358 2350 447 2393; x_wconf 92' lang='lat' dir='ltr'>IX</span> <span class='ocrx_word' id='word_1_216' title='bbox 472 2352 680 2407; x_wconf 86' lang='grc'><strong>3611306</strong></span> <span class='ocrx_word' id='word_1_217' title='bbox 715 2350 996 2407; x_wconf 82' lang='lat' dir='ltr'>TinguitAp</span> <span class='ocrx_word' id='word_1_218' title='bbox 1009 2307 1040 2407; x_wconf 73' lang='lat' dir='ltr'>lg}</span> <span class='ocrx_word' id='word_1_219' title='bbox 1067 2355 1152 2394; x_wconf 84' lang='grc'>307</span> <span class='ocrx_word' id='word_1_220' title='bbox 1177 2350 1339 2394; x_wconf 89' lang='lat' dir='ltr'>fucant</span> <span class='ocrx_word' id='word_1_221' title='bbox 1360 2350 1437 2402; x_wconf 90' lang='lat' dir='ltr'>P(</span> <span class='ocrx_word' id='word_1_222' title='bbox 1429 2348 1474 2404; x_wconf 73' lang='lat'>2)</span> <span class='ocrx_word' id='word_1_223' title='bbox 1505 2349 1620 2392; x_wconf 85' lang='lat' dir='ltr'>coni.</span> <span class='ocrx_word' id='word_1_224' title='bbox 1653 2347 1780 2393; x_wconf 83' lang='lat' dir='ltr'>Dan.</span> <span class='ocrx_word' id='word_1_225' title='bbox 1813 2347 1961 2391; x_wconf 88' lang='lat' dir='ltr'>Hein-</span> <span class='ocrx_word' id='word_1_226' title='bbox 2013 2342 2020 2403; x_wconf 97' lang='grc'>1</span> 
     </span>
     <span class='ocr_line' id='line_1_32' title="bbox 266 2405 2020 2466; baseline -0.003 -13"><span class='ocrx_word' id='word_1_227' title='bbox 266 2410 365 2453; x_wconf 84' lang='lat' dir='ltr'>sius</span> <span class='ocrx_word' id='word_1_228' title='bbox 411 2409 611 2453; x_wconf 86' lang='lat' dir='ltr'>miscent</span> <span class='ocrx_word' id='word_1_229' title='bbox 642 2413 677 2451; x_wconf 81' lang='lat' dir='ltr'>G</span> <span class='ocrx_word' id='word_1_230' title='bbox 715 2409 900 2453; x_wconf 88' lang='lat' dir='ltr'>fuscant</span> <span class='ocrx_word' id='word_1_231' title='bbox 929 2410 1095 2465; x_wconf 76' lang='lat' dir='ltr'>reliqui</span> <span class='ocrx_word' id='word_1_232' title='bbox 1117 2410 1132 2466; x_wconf 96' lang='grc'>11</span> <span class='ocrx_word' id='word_1_233' title='bbox 1156 2414 1242 2453; x_wconf 88' lang='grc'><strong>308</strong></span> <span class='ocrx_word' id='word_1_234' title='bbox 1274 2410 1327 2452; x_wconf 91' lang='lat' dir='ltr'>ut</span> <span class='ocrx_word' id='word_1_235' title='bbox 1358 2408 1472 2452; x_wconf 88' lang='lat' dir='ltr'>ebur</span> <span class='ocrx_word' id='word_1_236' title='bbox 1501 2411 1544 2450; x_wconf 82' lang='lat'>11</span> <span class='ocrx_word' id='word_1_237' title='bbox 1581 2406 1730 2452; x_wconf 84' lang='lat' dir='ltr'>veluti</span> <span class='ocrx_word' id='word_1_238' title='bbox 1761 2407 1874 2451; x_wconf 88' lang='lat' dir='ltr'>ebur</span> <span class='ocrx_word' id='word_1_239' title='bbox 1897 2405 2014 2464; x_wconf 80' lang='grc' dir='ltr'>ΡΗ</span> <span class='ocrx_word' id='word_1_240' title='bbox 2014 2411 2020 2462; x_wconf 96' lang='lat'>3</span> 
     </span>
     <span class='ocr_line' id='line_1_33' title="bbox 282 2465 2020 2525; baseline -0.002 -13"><span class='ocrx_word' id='word_1_241' title='bbox 282 2472 369 2512; x_wconf 87' lang='grc'>310</span> <span class='ocrx_word' id='word_1_242' title='bbox 400 2481 564 2524; x_wconf 90' lang='lat' dir='ltr'>repens</span> <span class='ocrx_word' id='word_1_243' title='bbox 595 2471 677 2510; x_wconf 71' lang='lat' dir='ltr'>AG</span> <span class='ocrx_word' id='word_1_244' title='bbox 715 2481 875 2512; x_wconf 88' lang='lat' dir='ltr'>recens</span> <span class='ocrx_word' id='word_1_245' title='bbox 912 2469 1078 2524; x_wconf 76' lang='lat' dir='ltr'>reliqui</span> <span class='ocrx_word' id='word_1_246' title='bbox 1099 2469 1115 2525; x_wconf 94' lang='grc'>11</span> <span class='ocrx_word' id='word_1_247' title='bbox 1138 2473 1224 2512; x_wconf 83' lang='grc'>311</span> <span class='ocrx_word' id='word_1_248' title='bbox 1250 2466 1470 2517; x_wconf 83' lang='lat' dir='ltr'>Dissiciat</span> <span class='ocrx_word' id='word_1_249' title='bbox 1499 2465 1600 2509; x_wconf 68' lang='lat'><em>1’132</em></span> <span class='ocrx_word' id='word_1_250' title='bbox 1645 2465 1878 2510; x_wconf 86' lang='lat' dir='ltr'>Dissiceat</span> <span class='ocrx_word' id='word_1_251' title='bbox 1901 2469 1959 2507; x_wconf 79' lang='lat' dir='ltr'>Pe</span> <span class='ocrx_word' id='word_1_252' title='bbox 2014 2471 2020 2525; x_wconf 63' lang='grc' dir='ltr'>ς’</span> 
     </span>
     <span class='ocr_line' id='line_1_34' title="bbox 266 2523 2020 2584; baseline -0.002 -13"><span class='ocrx_word' id='word_1_253' title='bbox 266 2527 324 2581; x_wconf 77' lang='lat' dir='ltr'>ef.</span> <span class='ocrx_word' id='word_1_254' title='bbox 349 2526 588 2571; x_wconf 80' lang='lat' dir='ltr'>Ribbeekii</span> <span class='ocrx_word' id='word_1_255' title='bbox 607 2528 810 2584; x_wconf 73' lang='lat' dir='ltr'>proleqy.</span> <span class='ocrx_word' id='word_1_256' title='bbox 837 2527 899 2571; x_wconf 82' lang='lat' dir='ltr'>ad</span> <span class='ocrx_word' id='word_1_257' title='bbox 924 2527 1052 2583; x_wconf 73' lang='lat' dir='ltr'>Very.</span> <span class='ocrx_word' id='word_1_258' title='bbox 1078 2542 1130 2582; x_wconf 78' lang='lat' dir='ltr'>p.</span> <span class='ocrx_word' id='word_1_259' title='bbox 1162 2530 1252 2571; x_wconf 91' lang='lat'>414</span> <span class='ocrx_word' id='word_1_260' title='bbox 1285 2526 1420 2571; x_wconf 77' lang='lat' dir='ltr'>Theb.</span> <span class='ocrx_word' id='word_1_261' title='bbox 1454 2526 1490 2569; x_wconf 90' lang='lat' dir='ltr'><strong><em>I</em></strong></span> <span class='ocrx_word' id='word_1_262' title='bbox 1521 2528 1612 2570; x_wconf 88' lang='lat'>590</span> <span class='ocrx_word' id='word_1_263' title='bbox 1639 2525 1692 2568; x_wconf 91' lang='lat' dir='ltr'>X</span> <span class='ocrx_word' id='word_1_264' title='bbox 1714 2528 1775 2569; x_wconf 88' lang='grc'>69</span> <span class='ocrx_word' id='word_1_265' title='bbox 1804 2523 2020 2568; x_wconf 59' lang='lat' dir='ltr'>meso-1</span> 
     </span>
     <span class='ocr_line' id='line_1_35' title="bbox 265 2584 1958 2641; baseline -0.002 -11"><span class='ocrx_word' id='word_1_266' title='bbox 265 2585 356 2630; x_wconf 89' lang='lat' dir='ltr'>tiet</span> <span class='ocrx_word' id='word_1_267' title='bbox 379 2590 414 2628; x_wconf 82' lang='lat' dir='ltr'>G</span> <span class='ocrx_word' id='word_1_268' title='bbox 452 2585 654 2630; x_wconf 85' lang='lat' dir='ltr'>Deiiciat</span> <span class='ocrx_word' id='word_1_269' title='bbox 676 2592 711 2628; x_wconf 88' lang='lat' dir='ltr'>D</span> <span class='ocrx_word' id='word_1_270' title='bbox 744 2585 976 2630; x_wconf 87' lang='lat' dir='ltr'>Discutiat</span> <span class='ocrx_word' id='word_1_271' title='bbox 1006 2600 1032 2639; x_wconf 82' lang='lat' dir='ltr'>p</span> <span class='ocrx_word' id='word_1_272' title='bbox 1048 2590 1119 2628; x_wconf 76' lang='lat' dir='ltr'>tn</span> <span class='ocrx_word' id='word_1_273' title='bbox 1154 2587 1169 2641; x_wconf 94' lang='grc'>11</span> <span class='ocrx_word' id='word_1_274' title='bbox 1208 2590 1293 2630; x_wconf 88' lang='grc'>313</span> <span class='ocrx_word' id='word_1_275' title='bbox 1341 2584 1598 2640; x_wconf 87' lang='lat' dir='ltr'>ductorque</span> <span class='ocrx_word' id='word_1_276' title='bbox 1636 2588 1669 2626; x_wconf 88' lang='lat' dir='ltr'>P</span> <span class='ocrx_word' id='word_1_277' title='bbox 1714 2585 1958 2639; x_wconf 88' lang='lat' dir='ltr'>rectorque</span> 
     </span>
     <span class='ocr_line' id='line_1_36' title="bbox 265 2643 1958 2703; baseline -0.001 -15"><span class='ocrx_word' id='word_1_278' title='bbox 265 2645 399 2688; x_wconf 83' lang='lat' dir='ltr'>ceteri</span> <span class='ocrx_word' id='word_1_279' title='bbox 446 2645 503 2700; x_wconf 83' lang='lat' dir='ltr'>cf.</span> <span class='ocrx_word' id='word_1_280' title='bbox 539 2659 580 2689; x_wconf 85' lang='lat' dir='ltr'>v.</span> <span class='ocrx_word' id='word_1_281' title='bbox 621 2649 685 2690; x_wconf 87' lang='grc'>88</span> <span class='ocrx_word' id='word_1_282' title='bbox 712 2647 719 2703; x_wconf 94' lang='grc'>1</span> <span class='ocrx_word' id='word_1_283' title='bbox 747 2649 850 2689; x_wconf 83' lang='lat'>315</span> <span class='ocrx_word' id='word_1_284' title='bbox 864 2646 1003 2701; x_wconf 88' lang='lat' dir='ltr'>pastu</span> <span class='ocrx_word' id='word_1_285' title='bbox 1033 2649 1090 2686; x_wconf 81' lang='lat' dir='ltr'>Pe</span> <span class='ocrx_word' id='word_1_286' title='bbox 1113 2646 1129 2701; x_wconf 95' lang='grc'>11</span> <span class='ocrx_word' id='word_1_287' title='bbox 1153 2648 1237 2688; x_wconf 85' lang='grc'>315</span> <span class='ocrx_word' id='word_1_288' title='bbox 1287 2644 1567 2699; x_wconf 62' lang='lat' dir='ltr'>obstantqw</span> <span class='ocrx_word' id='word_1_289' title='bbox 1598 2647 1660 2686; x_wconf 84' lang='lat' dir='ltr'>Pt</span> <span class='ocrx_word' id='word_1_290' title='bbox 1698 2643 1958 2699; x_wconf 85' lang='lat' dir='ltr'>optantque</span> 
     </span>
     <span class='ocr_line' id='line_1_37' title="bbox 267 2702 1958 2760; baseline -0.002 -13"><span class='ocrx_word' id='word_1_291' title='bbox 267 2705 400 2747; x_wconf 83' lang='lat' dir='ltr'>ceteri</span> <span class='ocrx_word' id='word_1_292' title='bbox 439 2704 722 2760; x_wconf 87' lang='lat' dir='ltr'>cupiuntque</span> <span class='ocrx_word' id='word_1_293' title='bbox 761 2704 890 2748; x_wconf 82' lang='lat' dir='ltr'>Leid.</span> <span class='ocrx_word' id='word_1_294' title='bbox 944 2704 960 2760; x_wconf 93' lang='grc'>11</span> <span class='ocrx_word' id='word_1_295' title='bbox 1020 2708 1107 2748; x_wconf 88' lang='grc'>318</span> <span class='ocrx_word' id='word_1_296' title='bbox 1167 2703 1355 2747; x_wconf 87' lang='lat' dir='ltr'>conscia</span> <span class='ocrx_word' id='word_1_297' title='bbox 1383 2704 1592 2759; x_wconf 90' lang='lat' dir='ltr'>tempore</span> <span class='ocrx_word' id='word_1_298' title='bbox 1624 2706 1715 2746; x_wconf 75' lang='lat' dir='ltr'>Au</span> <span class='ocrx_word' id='word_1_299' title='bbox 1744 2702 1958 2757; x_wconf 86' lang='lat' dir='ltr'>tempore</span> 
     </span>
     <span class='ocr_line' id='line_1_38' title="bbox 268 2760 1955 2816; baseline -0.001 -11"><span class='ocrx_word' id='word_1_300' title='bbox 268 2763 454 2807; x_wconf 86' lang='lat' dir='ltr'>conscia</span> <span class='ocrx_word' id='word_1_301' title='bbox 491 2764 588 2808; x_wconf 83' lang='lat' dir='ltr'>edd.</span> <span class='ocrx_word' id='word_1_302' title='bbox 623 2768 709 2807; x_wconf 83' lang='lat'>319</span> <span class='ocrx_word' id='word_1_303' title='bbox 740 2763 894 2807; x_wconf 85' lang='lat' dir='ltr'>Hasne</span> <span class='ocrx_word' id='word_1_304' title='bbox 919 2766 1028 2805; x_wconf 82' lang='lat' dir='ltr'>Atn</span> <span class='ocrx_word' id='word_1_305' title='bbox 1060 2764 1132 2816; x_wconf 78' lang='lat' dir='ltr'>(ut</span> <span class='ocrx_word' id='word_1_306' title='bbox 1154 2763 1500 2807; x_wconf 74' lang='lat' dir='ltr'>emendaverant</span> <span class='ocrx_word' id='word_1_307' title='bbox 1532 2760 1793 2806; x_wconf 76' lang='lat' dir='ltr'>Gronovius</span> <span class='ocrx_word' id='word_1_308' title='bbox 1814 2760 1955 2804; x_wconf 80' lang='lat' dir='ltr'>Bent-</span> 
     </span>
     <span class='ocr_line' id='line_1_39' title="bbox 267 2821 1197 2879; baseline 0.002 -15"><span class='ocrx_word' id='word_1_309' title='bbox 267 2821 381 2865; x_wconf 83' lang='lat' dir='ltr'>leius</span> <span class='ocrx_word' id='word_1_310' title='bbox 424 2821 726 2879; x_wconf 78' lang='lat' dir='ltr'>Schraderus)</span> <span class='ocrx_word' id='word_1_311' title='bbox 756 2823 914 2867; x_wconf 89' lang='lat' dir='ltr'>Hosne</span> <span class='ocrx_word' id='word_1_312' title='bbox 946 2825 1068 2875; x_wconf 69' lang='lat' dir='ltr'>pen</span> <span class='ocrx_word' id='word_1_313' title='bbox 1099 2822 1197 2866; x_wconf 81' lang='lat' dir='ltr'>edd.</span> 
     </span>
    </p>
   </div>
  </div>
 </body>
</html>
