1976 3094
251 154 357 207 112
818 155 867 197 Ρ.
901 98 1130 198 PAPLb‘In
1162 151 1355 198 STATII

246 275 472 346 Ignibus
511 275 708 327 hausta
747 273 959 343 sedent,
997 291 1095 327 nec
1137 291 1260 343 spes
1299 275 1533 327 umentis
1574 272 1817 342 Olympi,

248 348 360 404 Ceu
399 350 595 402 flavam
633 347 841 417 Libyen
880 348 1198 418 desertaque
1235 349 1472 418 pulveris
1512 347 1634 400 Afri

250 421 602 477 Conlustrent
638 422 892 491 nullaque
931 422 1238 475 umbratam
1275 422 1416 476 nube
1456 421 1685 492 Syenen.

324 497 568 550 Tandem
606 495 747 549 inter
787 496 952 550 silvas
991 494 1095 566 (sic
1135 496 1343 550 Euhius
1382 497 1499 566 ipse
1538 493 1782 565 pararat)
1973 555 1976 557 ,

250 571 512 625 Errantes
553 570 788 624 subitam
826 570 1051 640 pulchro
1091 571 1149 623 in
1186 587 1430 624 maerore
1467 573 1691 623 tuentur
1853 581 1939 622 740
1971 595 1976 610 =

253 644 616 715 Hypsipylen3
653 644 738 697 illi
776 645 1024 713 quamvis
1065 647 1120 697 et
1157 645 1226 698 ab
1265 645 1429 698 ubere
1468 643 1728 713 Opheltes

251 719 377 772 Non
418 736 546 771 suus
557 760 570 786 ,
610 718 819 771 Inachii
856 719 1038 788 proles
1075 718 1314 772 infausta
1352 718 1607 789 Lycurgi,

254 793 538 862 Dependet
578 793 852 862 (neglecta
890 811 1101 846 comam
1139 811 1240 846 nec
1280 792 1428 847 dives
1468 790 1716 863 amictu),

251 866 485 936 Regales
524 870 710 920 tamen
750 884 841 919 ore
879 870 1066 935 notae,
1104 885 1203 920 nec
1241 885 1450 920 mersus
1491 867 1701 920 acerbis

253 939 424 994 Extat
446 940 636 995 honos.
681 939 835 993 Tunc
857 941 990 994 haec
1014 941 1146 994 adeo
1172 941 1508 1010 stupefactus
1533 941 1822 994 Adrastus:
1858 950 1942 993 '¹145

254 1013 416 1068 ‘Diva
454 1018 642 1082 potens
682 1033 964 1068 nemorum
1006 1016 1157 1083 (nam
1195 1018 1250 1069 te
1290 1015 1580 1084 vultusque
1617 1014 1897 1085 pudorque

255 1088 479 1142 Mortali
519 1089 585 1142 de
625 1090 790 1158 stirpe
828 1090 1083 1160 negant),
1122 1107 1369 1143 succurre
1407 1089 1725 1159 propinquis

259 1162 548 1233 Gentibus3
591 1162 958 1232 Arquitenens
1000 1181 1094 1217 seu
1131 1168 1187 1217 te
1226 1163 1460 1218 Latonia
1498 1166 1650 1216 casto

256 1236 339 1290 De
380 1254 546 1307 grege
585 1238 894 1291 transmisit
931 1237 1216 1306 thalamis,
1255 1256 1350 1291 seu
1388 1238 1576 1307 lapsus
1617 1237 1685 1290 ab
1726 1236 1887 1290 astris

254 1309 382 1364 Non
405 1311 627 1364 humilis
652 1311 908 1365 fecundat
933 1330 1085 1365 amor
1103 1309 1299 1383 (neque
1319 1311 1464 1366 enim
1488 1312 1606 1381 ipse
1622 1311 1843 1365 deorum
1862 1322 1947 1363 750

258 1384 480 1438 Arbiter
521 1384 845 1455 Argolidum
883 1385 1143 1439 thalamis
1181 1384 1396 1458 novus),
1437 1386 1618 1455 aspice
1657 1387 1864 1439 maesta

259 1459 515 1529 Agmina.
591 1459 706 1513 Nos
746 1458 908 1513 ferro‘
929 1461 1154 1514 meritas
1194 1460 1473 1514 excindere
1511 1460 1726 1514 Thebas

258 1532 410 1586 Mens
449 1534 600 1603 tulit,
638 1533 846 1587 imbelli
887 1534 979 1587 sed
1017 1552 1160 1588 nunc
1199 1534 1320 1588 sitis
1361 1551 1552 1604 aspera
1590 1533 1705 1588 fato

261 1605 652 1676 Submittitque
693 1608 904 1661 animos
946 1613 1000 1662 et
1038 1609 1241 1663 inertia
1278 1609 1479 1662 robora
1517 1608 1706 1678 carpit.

260 1680 348 1734 Da
384 1681 544 1734 fessis
584 1682 641 1733 in
679 1683 840 1735 rebus
880 1700 1061 1751 opem,
1101 1700 1194 1736 seu
1233 1682 1480 1736 turbidus
1521 1682 1719 1751 amniS‚
1865 1693 1949 1735 755

262 1753 370 1808 Seu
407 1755 511 1808 tibi
550 1754 710 1808 foeda
746 1756 929 1826 palus3
967 1756 1109 1809 nihil
1147 1756 1250 1810 hac
1288 1757 1346 1810 in
1386 1760 1532 1810 sorte
1571 1755 1899 1825 pudendum,

258 1828 354 1882 Nil
392 1828 598 1881 humile
638 1833 741 1899 est3
781 1834 844 1883 tu
882 1848 1024 1884 nunc
1061 1831 1238 1884 ventis
1276 1831 1566 1901 pluvioque
1605 1831 1815 1900 rogaris

259 1902 365 1956 Pro
404 1902 556 1971 Iove,
594 1907 655 1956 tu
693 1903 911 1975 refugas
952 1905 1092 1958 vires
1133 1908 1188 1958 et
1226 1908 1449 1974 pectora
1486 1904 1644 1958 bellis

260 1975 586 2030 Exanimata
623 1978 793 2046 reple:
835 1979 913 2032 sic
950 1978 1053 2033 hoc
1091 1979 1196 2033 tibi
1234 1978 1408 2033 sidere
1447 1978 1633 2032 dextro

263 2048 484 2104 Crescat
516 2069 666 2104 onus,
730 2052 968 2106 Tantum
998 2053 1221 2107 reduces
1254 2053 1345 2106 det
1376 2053 1591 2106 flectere
1617 2070 1832 2123 gressus
1867 2065 1951 2106 760

932 2234 1053 2277 quae
1084 2221 1215 2267 laeta
1245 2221 1332 2267 sub
1363 2222 1456 2267 isto
1888 2231 1954 2263 747

529 2277 643 2334 Igne
674 2277 774 2335 poli
806 2292 903 2324 non
935 2281 1120 2337 quaeris
1153 2295 1319 2338 aquas,

385 2466 470 2507 739
501 2465 694 2518 pararat
724 2469 757 2507 P
787 2465 992 2522 parabat
1023 2468 1157 2512 ceteri
1178 2469 1194 2525 ΙΙ
1220 2472 1303 2513 741
1338 2466 1400 2511 ad
1430 2466 1578 2511 ubera
1606 2467 1728 2522 1³11ss
1753 2470 1838 2511 743
1869 2478 1955 2510 nec

262 2521 391 2566 lacta
419 2525 557 2567 Βοιὼ
589 2523 701 2570 Beh.
730 2529 756 2568 1
795 2525 922 2571 Dwn.
955 2528 970 2584 Η
1003 2531 1088 2571 747
1114 2541 1177 2586 sq.
1220 2527 1368 2573 Verba
1398 2539 1518 2583 quae
1548 2525 1677 2570 laeta
1708 2551 1762 2559 -
1795 2539 1955 2581 aquas,

263 2595 381 2639 quae
423 2582 587 2627 desunt
635 2584 689 2628 in
726 2588 780 2639 P,
830 2585 1042 2644 lemmtwr
1085 2588 1140 2632 in
1183 2588 1362 2642 ceteris,
1408 2586 1616 2643 eapumoei
1661 2589 1703 2630 et
1747 2597 1958 2630 muneros

263 2653 473 2687 versuum
502 2643 687 2708 ‘mutavi
708 2644 725 2700 ΙΙ
750 2648 833 2689 748
867 2645 1168 2701 arquitenens
1199 2651 1265 2690 Pr
1308 2644 1571 2690 arcitenens
1602 2649 1647 2688 u
1678 2645 1956 2702 arcytenens

265 2703 336 2744 Bb
384 2700 680 2746 archltenens
720 2708 756 2746 G
794 2705 852 2759 cf.
894 2705 1060 2750 Aehizz.
1101 2706 1134 2749 Ι
1163 2709 1259 2751 682
1296 2707 1312 2763 ΙΙ
1353 2709 1438 2750 753
1479 2717 1646 2761 aspera
1683 2707 1808 2746 PGB
1843 2703 1956 2749 Beh.

268 2759 390 2805 Gozb.
423 2759 563 2805 anxia
584 2764 674 2804 ΒΜ
698 2763 832 2808 aneia
856 2769 883 2807 8
905 2766 921 2823 η
946 2769 1030 2810 757
1055 2765 1187 2810 venis
1210 2765 1519 2810 Rammius
1541 2764 1556 2821 ΙΙ
1582 2766 1666 2809 758
1688 2764 1743 2807 tu
1765 2764 1959 2820 pectora

265 2819 493 2865 Barthius
519 2823 526 2875 1
552 2819 691 2867 bellis
731 2827 763 2866 P
801 2823 929 2880 bello
969 2826 1103 2871 ceteri
1124 2826 1139 2882 ΙΙ
1164 2830 1250 2871 760
1283 2823 1472 2869 Crescat
1501 2822 1650 2868 honos
1678 2827 1712 2865 P
1742 2821 1957 2867 ditabere

267 2877 574 2923 Bwrmawnus
604 2879 696 2926 Sec.
