2020 3106
640 177 983 225 THEBAIDOS
1013 177 1125 223 LIB.
1157 178 1191 223 Ι.
1697 173 1765 227 19

11 296 13 298 ’
80 303 223 361 Civis
246 303 305 359 in
325 319 493 374 usque
517 298 759 372 manus),
785 300 1036 371 quisnam
1067 297 1431 370 implacabilis
1463 295 1625 350 ardor
1679 308 1767 349 440

77 378 380 434 Exturbare
420 376 560 431 odiis
599 375 901 445 tranquilla
940 373 1156 427 silentia
1192 371 1410 427 noctis?

78 452 264 523 Usque
303 450 504 507 adeone
545 453 778 521 angusta
818 449 931 502 dies
973 451 1027 501 et
1066 448 1245 516 triste,
1284 463 1574 517 parumper

13 532 15 534 ’
79 526 274 582 Pacem
314 525 494 579 animo
535 542 890 593 somnumque
929 522 1081 592 pati?
1146 520 1248 575 Sed
1288 520 1499 590 prodite
1538 519 1769 587 tandem,

79 600 234 656 Unde
274 599 403 669 orti,
442 617 547 671 quo
587 598 743 652 fertis
784 598 908 666 iter,
948 615 1083 667 quae
1124 595 1336 666 iurgia?
1391 593 1535 647 Nam
1573 612 1672 648 vos

16 680 17 707 ³
81 673 235 729 Haut
271 673 504 728 humiles
542 676 700 726 tanta
739 672 821 725 ira
861 671 1031 736 docet,
1071 670 1391 741 generisque
1424 668 1644 738 superbi
1683 679 1769 719 445

77 747 281 820 Magna
317 766 414 818 per
454 747 678 801 effusum
719 747 1021 800 clarescunt
1061 746 1218 815 signa
1258 742 1538 803 cruorem?

18 828 19 832 ’
152 821 385 887 Ἣκχθα,
425 840 548 876 cum
587 821 759 875 mixto
801 821 1035 874 clamore
1075 819 1294 888 obliqua
1325 821 1539 871 tuentes

78 894 350 966 Incipiunt
387 914 516 950 una:
557 894 699 949 ‘Rex
739 913 769 948 o
811 894 1098 948 mitissime
1140 893 1427 962 Achivum,

89 970 225 1035 Quid
263 970 443 1025 verbis
484 969 656 1040 opus?
695 970 810 1039 ipse
850 968 1115 1022 undantes
1156 967 1421 1037 sanguine
1461 967 1644 1020 vultus
1676 1017 1692 1026 ,

20 1085 21 1090 ,
80 1043 330 1115 Aspicis?
407 1043 557 1098 Haec
595 1044 801 1113 passim
843 1043 1078 1096 turbatis
1118 1043 1267 1095 vocis
1307 1059 1524 1095 amarae
1682 1053 1769 1094 450

81 1115 381 1173 Confudere
422 1118 592 1190 sonis3
631 1118 753 1171 inde
794 1136 948 1170 orsus
989 1116 1046 1169 in
1086 1116 1271 1170 ordine
1312 1115 1523 1185 Tydeus

81 1189 400 1246 Continuat:
442 1191 666 1246 ‘Maesti
706 1191 927 1261 cupiens
961 1191 1165 1245 solacia
1205 1208 1362 1243 casus

80 1265 457 1320 Monstriferae
497 1263 791 1335 Calydonis
834 1284 960 1335 opes
1002 1265 1370 1334 Acheloiaque
1410 1271 1541 1317 a‘rva

79 1338 332 1412 Deserui3
370 1340 568 1395 vestris
607 1340 741 1393 haec
778 1358 864 1392 me
906 1357 1024 1393 ecce
1065 1339 1121 1391 in
1163 1339 1359 1392 finibus
1400 1339 1591 1408 ingens

81 1412 205 1469 Nox
245 1415 436 1484 operit.
513 1413 679 1467 Tecto
721 1414 927 1467 caelum
967 1413 1258 1482 prohibere
1299 1413 1427 1482 quid
1467 1415 1568 1465 iste
1683 1426 1769 1466 455

20 1559 21 1562 Ἴ
79 1485 308 1542 Arcuit?
351 1506 421 1542 an
461 1488 717 1558 quoniam
758 1488 909 1558 prior
946 1487 1081 1540 haec
1122 1488 1189 1541 ad
1229 1487 1418 1540 limina
1455 1488 1599 1541 forte

77 1561 302 1616 Molitus
342 1562 596 1633 gressus?
635 1562 841 1632 pariter
881 1562 1157 1615 stabulare
1200 1562 1524 1614 bimembres

79 1632 378 1691 Centauros
415 1654 627 1706 unaque
667 1637 848 1690 ferunt
890 1634 1155 1705 Cyclopas
1196 1636 1254 1689 in
1294 1635 1473 1689 Aetna

81 1707 440 1780 Compositos.
517 1709 654 1765 Sunt
692 1714 746 1764 et
785 1710 991 1764 rabidis
1031 1711 1151 1763 iura
1191 1710 1357 1763 insita
1396 1711 1656 1764 monstris

79 1782 288 1853 Fasque
327 1802 503 1838 suum:
543 1787 748 1838 norunt
786 1784 992 1838 sociare
1032 1784 1233 1838 cubilia
1272 1788 1464 1838 terrae.
1682 1798 1769 1838 460

82 1854 184 1910 Sed
225 1856 352 1926 quid
391 1858 530 1927 ego?
570 1861 665 1912 aut
700 1859 862 1912 hodie
903 1859 1092 1928 spoliis
1133 1860 1352 1929 gavisus
1394 1859 1591 1929 abibis,

83 1929 338 1999 Quisquis
380 1949 458 2000 εει,
495 1931 605 2001 his,
644 1936 739 1986 aut
777 1950 887 2001 me,
927 1933 973 1985 si
1011 1951 1121 1986 non
1161 1934 1349 1986 effetus
1390 1933 1582 1987 oborto

83 2001 314 2074 Sanguis
352 2003 517 2057 hebet
553 2005 728 2075 luctu,
766 2007 953 2075 magni
993 2007 1057 2059 de
1099 2008 1266 2076 stirpe
1306 2010 1548 2061 creatum

82 2075 290 2131 Oeneos
331 2081 385 2131 et
423 2077 589 2131 Marti
625 2097 736 2132 non
775 2079 1099 2147 degenerare
1137 2083 1366 2149 paterno

82 2149 366 2221 Accipies?
408 2151 551 2206 eNec
582 2171 682 2206 nos
717 2153 884 2205 animi
915 2171 1016 2206 nec
1049 2154 1234 2223 stirpis
1269 2158 1488 2224 egentes
1526 2154 1613 2193 —'
1681 2168 1769 2209 465

24 2299 26 2307 y
81 2223 184 2278 Ille
221 2225 386 2279 refert
425 2229 635 2296 contra,
675 2226 769 2279 sed
806 2245 959 2280 mens
1000 2227 1104 2281 sibi
1144 2230 1358 2282 conscia
1397 2229 1498 2281 fati

0 2383 35 2408 -’
198 2375 286 2416 464
309 2386 376 2427 sq.
413 2370 575 2416 ‘Marti
606 2397 660 2404 —
692 2373 915 2428 paterno'
952 2373 1125 2418 schol.
1159 2373 1302 2419 Theb.
1345 2373 1388 2416 II
1428 2380 1512 2419 726
1553 2389 1598 2431 p.
1633 2379 1689 2420 80
1720 2374 1768 2419 L.

0 2462 8 2479 ›.
85 2426 252 2474 ‘Marti
283 2457 338 2463 --
371 2430 589 2488 aspicies'
626 2430 797 2476 schol.
829 2431 971 2477 Theb.
1006 2433 1068 2477 IV
1101 2438 1182 2478 111
1217 2448 1260 2489 p.
1299 2438 1380 2478 125
1414 2433 1463 2477 L.

26 2566 27 2574 ¹
197 2552 286 2593 444
315 2548 441 2593 horti
471 2554 504 2592 P
536 2551 593 2605 cf.
626 2564 665 2594 v.
699 2552 832 2608 2351}
854 2555 940 2595 455
975 2551 1077 2607 quis
1111 2553 1237 2597 codd.
1271 2566 1384 2597 corr.
1418 2552 1730 2598 Baehrensius
1758 2555 1773 2611 {l

0 2610 29 2661 ,';'
81 2609 167 2653 456
205 2606 368 2653 Arcuit
407 2611 538 2666 (corr.
579 2623 633 2654 ex
671 2607 857 2667 Ar‘guit)
897 2609 1007 2653 G²c¹
1046 2610 1217 2668 Arguit
1247 2615 1374 2654 PBH
1405 2612 1419 2667 ΙΙ
1451 2617 1536 2657 457
1577 2611 1769 2656 Molitus

1 2694 8 2702 ·
80 2665 262 2719 Pfl⁹rc²
292 2666 485 2712 Molitur
507 2671 595 2711 ΒΜ
623 2670 628 2725 Ι
655 2670 838 2724 partem
861 2674 894 2712 P
915 2671 931 2725 ΙΙ
953 2674 1039 2715 460
1073 2685 1207 2714 suum
1229 2687 1239 2713 z
1263 2672 1438 2714 norunt
1461 2671 1771 2716 Baehrensius

27 2746 30 2786 ς
83 2737 215 2771 suum
242 2726 380 2771 nobis
412 2729 538 2772 codd.
574 2742 706 2771 suum
731 2746 741 2772 ε
768 2730 816 2772 et
845 2742 941 2772 non
972 2728 1043 2773 vis
1077 2730 1406 2774 Lachmannus
1437 2731 1451 2785 ΙΙ
1483 2735 1568 2774 462
1604 2730 1768 2774 oborto

27 2793 31 2824 ε
81 2786 116 2831 2
144 2783 204 2828 ab
231 2786 332 2830 orto
357 2789 392 2829 B
418 2786 585 2831 aborto
611 2787 722 2829 (3211
744 2789 759 2844 ΙΙ
783 2792 869 2832 465
889 2790 1078 2845 egentes
1097 2794 1129 2830 P
1148 2801 1338 2845 egemus
1355 2790 1508 2831 Bam
1537 2791 1543 2844 1
1571 2789 1768 2845 Statius,

79 2845 134 2895 -ut
149 2844 271 2899 solet,
291 2858 531 2891 sermonem
556 2847 759 2902 abrupit,
781 2847 837 2902 cf.
859 2847 962 2891 III
982 2852 1057 2892 87.
1076 2851 1187 2892 280.
1203 2851 1293 2892 291
1314 2847 1398 2891 IV
1410 2852 1502 2893 518
1529 2848 1677 2892 VIII
1692 2853 1768 2893 60.

83 2902 186 2947 506.
227 2907 315 2948 514
355 2903 407 2948 Χ
436 2909 524 2950 730
568 2905 652 2948 ΧΙ
679 2910 767 2951 167
802 2907 923 2950 XII
949 2910 1050 2951 301.
1085 2910 1176 2952 385
1208 2906 1322 2951 Ach.
1356 2908 1393 2950 I
1420 2911 1494 2954 47.
1529 2911 1633 2953 657.
1677 2912 1770 2953 780

1350 2981 1411 3023 2*
