1988 3106
642 126 953 174 SILUARUM
984 126 1034 172 L.
1066 126 1103 182 1,
1133 130 1174 171 2.
1727 123 1790 176 17

33 248 252 319 lamque
290 265 484 317 parens
522 246 723 315 Latius,
762 247 909 300 cuius
949 263 1297 316 praenoscere
1340 247 1572 298 mentem

33 319 137 376 Fas
176 321 322 390 mihi,
361 338 654 390 purpureos
693 320 909 373 habitus
947 319 1231 389 iuuenique
1270 318 1451 371 curule

33 392 344 465 Indulgebit
380 394 512 447 ebur
549 392 829 462 Dacasque
867 391 955 463 (ea
993 393 1164 462 gloria
1202 389 1397 461 maior)
1715 403 1796 443 180

33 463 269 533 Exuuias
310 467 595 537 laurosque
635 466 784 519 dabit
822 466 1086 519 celebrare
1125 468 1383 518 recentes.

33 535 180 611 Ergo
221 557 335 611 age,
373 540 535 610 iunge
573 542 722 592 toros
761 541 919 608 atque
961 539 1071 592 otia
1108 538 1259 591 deme
1297 538 1560 590 iuuentae.

32 611 178 682 Quas
218 630 318 684 ego
356 631 467 666 non
506 616 706 683 gentes,
745 630 878 682 quae
919 630 1026 666 non
1064 611 1179 664 face
1218 610 1378 664 corda
1415 608 1633 680 iugaui?

43 701 46 706 ·
85 683 277 740 lituum
316 685 680 755 pecudumque
719 685 850 737 mihi
891 685 1112 754 durique
1151 684 1385 738 ferarum

39 759 61 826 J
89 778 158 813 on
196 777 416 812 renuere
456 776 669 829 greges;
707 758 881 827 ipsum
922 758 977 810 in
1018 758 1246 811 conubia
1282 761 1456 809 terrae
1712 768 1796 809 185

32 828 285 900 sAethera,
323 850 442 885 cum
482 832 677 901 pluuiis
715 834 993 885 rarescunt
1029 831 1228 899 nubila,
1268 831 1434 883 soluo,

34 900 122 960 Sic
160 923 336 959 rerum
377 905 538 958 series
577 904 864 973 mundique
907 905 1193 957 reuertitur
1231 908 1392 956 aetas.

35 976 190 1035 Unde
230 997 430 1032 nouum
471 978 661 1031 Troiae
701 978 858 1031 decus
899 978 1282 1045 ardentumque
1321 976 1541 1030 deorum

34 1048 342 1121 Raptorem,
377 1050 614 1122 Phrygio
654 1051 698 1103 si
736 1069 844 1103 non
884 1069 983 1121 ego
1023 1052 1206 1103 iuncta
1236 1051 1445 1119 marito,

34 1120 234 1194 Lydius
273 1124 412 1178 unde
452 1142 598 1178 meos
637 1124 884 1177 iterasset
923 1124 1156 1193 Thybris
1196 1123 1379 1176 Iulos?
1715 1135 1799 1175 190

19 1188 166 1262 *Quis
207 1198 656 1268 septemgeminae
693 1198 964 1266 posuisset
1002 1197 1213 1250 moenia
1244 1196 1446 1250 Romae

120 1272 253 1340 perii
291 1268 494 1324 Latiale
534 1273 706 1339 caput,
745 1271 800 1322 ni
840 1269 1094 1322 Dardana
1131 1270 1275 1322 furto

84 1345 280 1413 episset
316 1343 559 1412 Martem,
596 1361 692 1396 nec
731 1361 814 1395 me
853 1344 1185 1411 prohibente,
1224 1341 1534 1395 sacerdos?’

69 1419 138 1489 *is
177 1418 374 1470 mulcet
411 1417 566 1470 dictis
604 1417 872 1486 tacitoque
913 1418 1142 1485 inspirat
1179 1416 1383 1469 honore

84 1490 280 1544 onubii.
355 1490 580 1543 redeunt
617 1490 795 1542 animo
834 1490 940 1541 iam
980 1490 1121 1542 dona
1160 1506 1445 1557 precesque
1717 1500 1798 1541 195

29 1591 36 1620 ,·
89 1567 112 1616 t
149 1563 397 1616 lacrimae
436 1563 731 1635 uigilesque
770 1563 871 1614 uiri
910 1581 1075 1631 prope
1115 1563 1299 1614 limina
1338 1565 1578 1631 questuS,

34 1637 246 1695 'Asteris
286 1639 340 1689 et
376 1637 516 1690 uatis
553 1639 724 1689 totam
764 1639 980 1688 cantata
1017 1654 1113 1705 per
1150 1636 1352 1703 urbem,

29 1707 57 1762 ζ’
91 1710 246 1763 steris
285 1712 409 1762 ante
449 1709 627 1778 dapes,
666 1712 823 1762 nocte
863 1709 1084 1776 AsteriS,
1123 1708 1330 1760 Asteris
1371 1712 1506 1776 ortu,

39 1777 308 1845 Quantum
346 1801 458 1836 non
496 1783 755 1835 clamatus
793 1781 979 1850 Hylas„
1055 1782 1265 1850 iamque
1305 1800 1494 1850 aspera
1531 1782 1708 1850 coepit

38 1853 274 1909 Flectere
313 1856 475 1908 eorda
511 1855 683 1908 libens
724 1858 777 1907 et
813 1856 919 1907 iam
959 1855 1062 1907 sibi
1102 1855 1234 1907 dura
1264 1855 1447 1907 uideri.
1716 1868 1801 1907 200

39 1927 215 1982 Macte
252 1929 401 1997 toris,
438 1927 620 1982 Latios
659 1929 800 1980 inter
835 1928 1192 1997 placidissime
1223 1932 1390 1996 uateS,

42 2001 202 2064 Quod·
235 2001 424 2054 durum
461 2019 773 2071 permensus
812 2002 914 2054 iter
951 2002 1214 2070 certisque
1254 2002 1351 2054 sub
1392 2002 1499 2054 oris

39 2073 306 2127 Prendisti
342 2077 543 2143 portus,
617 2074 817 2126 nitidae
866 2076 940 2127 sic
978 2075 1258 2143 transfuga
1296 2074 1449 2127 Pisae

41 2147 234 2201 Amnis
271 2148 329 2199 in
368 2150 616 2200 externos
655 2148 812 2216 longe
849 2147 1155 2199 flammatus
1195 2165 1400 2200 amores

38 2216 289 2303 ⁴Flumina
328 2220 568 2273 demerso
605 2220 775 2272 trahit
811 2221 1129 2272 intemerata
1167 2220 1361 2287 canali,
1717 2233 1803 2274 205

40 2305 53 2341 z

30 2446 100 2806 ξ
163 2471 247 2512 180
277 2467 505 2523 dacasque
537 2469 585 2511 et
614 2467 763 2524 gloria
792 2471 830 2510 A
853 2473 895 2522 c,
927 2469 1115 2512 correxi.
1151 2482 1207 2511 en
1231 2467 1452 2511 Handius
1473 2469 1489 2523 u
1516 2472 1597 2512 183
1627 2469 1804 2529 mentes

32 2526 38 2538 ³
96 2526 266 2569 edusius
293 2525 298 2582 Ι
325 2525 470 2582 iugali
502 2530 530 2568 c
561 2541 600 2580 a,
633 2539 745 2569 corr.
778 2527 909 2570 Dom.
941 2528 957 2583 ΙΙ
992 2531 1071 2570 192
1104 2525 1151 2568 ni
1182 2539 1281 2582 eqo.-
1317 2525 1356 2569 si
1388 2531 1416 2567 c
1447 2526 1536 2569 nisi
1569 2530 1598 2569 ς
1631 2528 1696 2582 an
1721 2531 1806 2569 194

33 2584 36 2585 ’
96 2583 281 2639 citoque
311 2583 341 2627 i.
373 2584 591 2628 honorem
625 2589 653 2626 c
685 2599 724 2639 a,
760 2586 946 2629 correxi.
987 2586 1275 2639 tacitumque
1307 2589 1347 2627 et
1377 2597 1581 2628 amorem
1614 2589 1643 2628 ς
1673 2587 1689 2640 ΙΙ
1725 2590 1806 2629 195

91 2656 139 2685 m
167 2644 280 2686 uota
312 2642 484 2686 Markl.
509 2643 524 2698 ΙΙ
548 2647 631 2686 201
665 2642 966 2698 placitissime
998 2643 1278 2687 Schraderus
1301 2644 1316 2698 ΙΙ
1341 2647 1423 2686 202
1458 2643 1687 2697 certisque
1719 2643 1805 2687 sub

72 2699 136 2744 ris
169 2701 354 2756 scripsi.-
393 2701 672 2757 c(o)eptique
709 2701 878 2745 laboris
920 2706 948 2743 c
979 2717 1006 2744 a
1047 2703 1326 2757 coeptosque
1365 2701 1547 2746 labores
1586 2702 1759 2745 Markl.
1792 2702 1806 2759 ἕξ

33 2789 37 2807 ,-
74 2762 129 2802 03
170 2757 343 2803 nitidae
390 2760 462 2802 uel
503 2758 677 2803 nitiade
717 2764 766 2814 σς
805 2759 875 2802 Δ*
918 2760 1071 2804 nctiae
1109 2761 1293 2803 uidetur
1330 2760 1509 2814 habere,
1555 2760 1632 2804 sed
1670 2764 1722 2803 ut
1759 2763 1807 2804 ct

33 2816 218 2865 'incerta
245 2818 338 2861 sint
359 2818 375 2874 ΙΙ
398 2822 484 2860 204
514 2817 674 2861 Amnis
706 2821 756 2861 s:
789 2819 948 2862 Annus
980 2823 1007 2861 C
1039 2833 1067 2861 a

135 2890 275 2923 Srusn
301 2890 465 2924 Sanan.
1424 2895 1451 2935 2

29 2937 72 3106 l
