1988 3106
641 164 951 211 SILUARUM
979 166 1031 212 L.
1063 165 1121 223 H,
1151 170 1194 212 4.
1727 166 1801 219 53

79 505 322 591 geniosa
358 505 518 574 leuat,
555 506 726 560 ueluti
763 505 1048 559 descendat
1085 505 1143 559 in
1180 506 1318 559 imos

75 608 80 626 .
120 596 215 649 rpe
254 579 404 634 lacus
444 579 567 634 alia.
641 580 750 633 iam
788 596 886 643 nec
923 578 1197 633 Phoebeia
1235 578 1369 633 Nais
1741 592 1799 634 60

77 652 160 705 sit
197 654 252 706 et
290 653 530 708 exclusos
567 653 765 707 inuitat
804 652 1019 723 gurgite
1057 670 1251 707 ramos.

91 742 183 779 aec
219 726 321 780 tibi
358 745 528 797 parua
566 726 778 797 quidem
818 726 1041 797 genitali
1079 727 1196 780 luce
1234 743 1484 795 paramus

86 816 204 869 ona,
243 800 335 854 sed
372 801 580 872 ingenti
617 800 802 854 forsan
839 800 1048 853 uictura
1086 800 1186 853 sub
1226 817 1374 853 aeu0.

12 915 17 935 ,
79 904 81 906 -
113 914 128 943 ,
167 873 316 928 cuius
353 873 564 944 placido
602 891 828 944 posuere
865 873 922 926 in
954 876 1168 942 pectore
1207 873 1386 927 sedem

30 980 34 988 ·
81 946 273 1002 landus
310 946 484 1002 honos
522 947 814 1017 hilarisque
850 950 1034 1000 tamen
1073 964 1193 1000 cum
1231 946 1464 1016 pondere
1502 946 1692 1016 uirtuS,
1740 960 1798 1002 65

30 1030 34 1034 '
67 1042 83 1064 ·.
115 1020 134 1074 i
170 1038 269 1075 nec
305 1021 462 1092 pigra
500 1021 649 1092 quies
687 1038 786 1074 nec
824 1020 1008 1090 iniqua
1045 1020 1289 1092 potentia
1323 1037 1423 1074 nec
1461 1038 1583 1091 spes

62 1094 297 1164 apl-oba,
337 1094 429 1148 sed
465 1094 671 1148 medius
711 1112 807 1164 per
841 1094 1072 1148 honesta
1111 1098 1166 1148 et
1203 1093 1379 1147 dulcia
1415 1093 1584 1163 limes,

37 1175 86 1214 &a
101 1171 350 1238 corrupte
387 1167 546 1222 fidem
582 1167 865 1238 nullosque
906 1170 1121 1237 experte
1158 1168 1421 1221 tumultus

145 1259 341 1310 secure,
379 1241 562 1311 palam
601 1241 743 1312 quod
781 1241 977 1311 digeris
1018 1241 1203 1295 ordine
1242 1242 1428 1309 uitam,

19 1323 21 1337 ⁴
57 1333 182 1368 oem
222 1315 339 1368 auri
376 1314 551 1369 facilis
591 1317 932 1384 contemptor
969 1318 1023 1367 et
1061 1315 1295 1384 optimus
1333 1315 1474 1367 idem
1743 1327 1799 1369 70

35 1397 255 1442 ⁴:iomere
295 1387 512 1442 diuitias
551 1389 850 1458 opibusque
888 1388 1179 1441 immittere
1218 1388 1416 1441 lucem:

58 1478 148 1514 ac
185 1462 407 1532 longum
445 1461 639 1516 florens
681 1462 848 1515 animi
885 1479 1200 1531 morumque
1239 1463 1461 1515 iuuenta

58 1535 230 1589 iacos
269 1552 498 1605 aequare
536 1553 692 1589 senes
730 1538 784 1588 et
820 1535 1033 1588 uincere
1070 1538 1268 1604 persta,

35 1591 179 1822 {uos
217 1611 372 1679 pater
410 1608 623 1678 elysius,
663 1608 909 1679 genetrix
946 1627 1080 1678 quos
1119 1608 1314 1662 detulit
1352 1627 1545 1662 annos:

91 1699 152 1735 oc
191 1681 274 1735 illi
312 1682 472 1736 duras
511 1700 797 1736 exorauere
837 1700 1062 1750 sororeS‚
1742 1695 1798 1736 '25

40 1812 45 1814 ,
89 1772 165 1824 oc,
204 1773 338 1826 quae
375 1757 430 1809 te
469 1756 568 1809 sub
605 1758 744 1809 teste
784 1755 948 1809 situm
985 1755 1229 1825 fugitura
1265 1757 1533 1808 tacentem

36 1823 219 1884 Ardua
255 1829 590 1900 magnanimi
627 1829 908 1883 reuirescit
945 1829 1120 1899 gloria
1156 1827 1350 1882 Blaesi.

878 2033 971 2088 IV.

592 2132 923 2179 PSITTACUS
953 2132 1238 2179 EIUSDEM.

40 2217 285 2293 Rsittace,
323 2222 430 2277 dux
466 2222 763 2292 uolucrum,
801 2223 1005 2277 domini
1042 2223 1274 2277 facunda
1311 2223 1579 2293 uoluptaS‚

91 2314 320 2350 umanae
359 2297 544 2350 sollers
582 2297 842 2367 imitator,
879 2297 1125 2367 psittace,
1163 2298 1393 2367 linguae,

49 2431 52 2437 y
85 2371 168 2423 uis
206 2372 303 2423 tua
338 2372 454 2424 tam
493 2370 671 2423 subito
709 2371 1002 2440 praeclusit
1038 2389 1313 2424 murmura
1349 2370 1506 2424 fato‘?

49 2510 71 2537 η’
92 2446 347 2512 esternaS,
384 2443 698 2513 miserande,
736 2444 899 2514 dapes
938 2445 1228 2498 moriturus
1266 2444 1416 2496 inisti

48 2570 388 2605 4——

62 2702 79 2723 2
154 2694 209 2734 69
249 2702 406 2735 secure
446 2689 645 2735 Markl.:
691 2692 866 2736 secrete
905 2694 942 2733 A
981 2695 1010 2733 c
1059 2690 1066 2746 Ι
1116 2691 1242 2747 quod
1279 2694 1318 2733 A
1357 2695 1406 2734 c:
1447 2691 1528 2746 qui
1565 2690 1697 2735 Dom.
1739 2705 1804 2735 aa

51 2754 160 2806 1⁸¹0?
196 2749 213 2806 ΙΙ
251 2753 305 2794 71
355 2748 562 2794 Condere
607 2748 730 2802 edd.,·
776 2749 991 2794 Promcre
1037 2749 1341 2794 Burmannus
1377 2752 1393 2805 ΙΙ
1434 2754 1490 2793 74
1525 2749 1670 2805 elysia
1701 2755 1729 2792 c
1761 2765 1801 2806 a,

53 2805 223 2854 brrexi.
257 2807 401 2864 elysio
431 2807 565 2853 Dom.
596 2807 612 2866 Η
644 2812 698 2851 ’Π
729 2808 980 2853 reuirescet
1008 2811 1047 2851 A
1078 2813 1122 2862 c,
1153 2821 1266 2853 corr.
1301 2812 1330 2852 ς
1359 2810 1365 2861 l
1392 2808 1535 2852 blessi
1564 2812 1602 2851 A
1633 2813 1662 2851 c

152 2865 230 2910 IV.
265 2870 294 2910 4
324 2866 572 2911 Hesternas
606 2869 658 2910 ςε
688 2865 914 2911 Externas
946 2871 976 2909 0
1007 2881 1035 2909 a
1065 2866 1306 2911 Extremas
1339 2866 1513 2911 Markl.
