1988 3106
191 165 266 217 92
809 163 859 207 Ρ.
890 162 1120 207 PAPINII
1151 161 1351 207 STATII

191 283 412 337 Dedere.
488 285 563 337 sic
602 287 743 336 certe
783 283 986 335 ciner'es
1024 282 1374 351 umbramque
1411 283 1645 351 priorem

193 357 414 419 Quaeris
455 357 641 424 adhuc,
681 357 757 408 sic
797 356 1043 424 exequias
1084 356 1329 423 amplexa
1368 357 1551 409 canori

194 430 450 501 Coniugis
490 431 736 499 ingentes
774 428 984 481 iterasti
1019 431 1233 497 pectore
1270 429 1535 499 planctuS,

191 503 308 556 Iam
347 522 476 556 mea.
552 520 649 554 nec
688 502 858 571 pietas
899 502 1005 554 alia
1043 504 1124 554 est
1160 501 1260 554 tibi
1298 520 1528 572 curaque
1566 505 1739 571 natae,

194 575 279 629 Sic
318 580 372 629 et
409 579 581 629 mater
620 594 783 644 amas,
823 576 898 628 sic
935 592 1225 644 numquam
1264 576 1422 628 corde
1461 577 1659 628 recedit
1898 583 1953 639 55

193 649 337 702 Nata
375 652 483 718 tuo,
522 650 784 718 fixamque
825 649 990 701 animi
1027 649 1388 717 penetralibus
1427 649 1549 702 imis

192 722 364 776 Nocte
404 723 590 791 dieque
628 725 795 775 tenes.
867 740 977 774 non
1015 722 1092 774 sic
1122 721 1410 774 Trachinia
1447 722 1601 775 nidos

193 795 448 866 Alcyone,
486 814 682 848 uernos
722 814 832 848 non
873 795 947 847 sic
985 794 1284 848 Philomela
1322 798 1541 864 penates

193 867 397 922 Circuit
436 869 762 937 amplectens
802 869 1139 938 animamque
1178 869 1234 919 in
1271 869 1501 938 pignora
1538 869 1811 922 transfert.

191 942 266 994 Et
302 961 445 995 nunc
484 943 577 995 illa
614 945 763 1011 tepet
800 942 961 994 uiduo
1001 942 1141 1010 quod
1181 942 1297 994 sola
1336 943 1519 994 cubili:
1899 935 1957 996 ed

192 1015 317 1068 Otia
353 1019 466 1068 tam
504 1015 760 1084 pulchrae
796 1015 926 1067 terit
969 1015 1258 1067 infecunda
1294 1015 1560 1084 iuuentae,

193 1087 296 1141 Sed
334 1090 565 1157 uenient,
606 1089 780 1157 plenis
819 1089 1037 1141 uenient
1076 1089 1306 1140 conubia
1343 1089 1529 1141 taedis.

193 1160 278 1214 Sic
317 1166 458 1215 certe
497 1163 808 1231 formaeque
846 1162 999 1214 bonis
1039 1161 1310 1230 animique
1347 1165 1602 1231 meretur3

193 1233 315 1287 Siue
355 1235 549 1304 chelyn
589 1235 867 1303 complexa
903 1234 1029 1287 ferit
1067 1252 1161 1287 seu
1198 1253 1329 1287 uoce
1369 1238 1593 1303 paterna

190 1307 516 1362 Discendum
554 1308 722 1361 Musis
764 1310 924 1360 sonat
962 1311 1016 1360 et
1053 1325 1174 1360 mea
1211 1309 1448 1360 carmina
1485 1309 1674 1377 flectit,
1899 1321 1961 1363 65-

192 1379 434 1435 Candida
472 1400 564 1435 seu
603 1382 753 1434 molli
791 1381 992 1433 diducit
1027 1381 1248 1434 brachia
1284 1385 1455 1434 motu:
1947 1379 1961 1403 “²

190 1454 474 1524 Ingenium
511 1456 750 1523 probitas
790 1457 1064 1523 artemque
1108 1454 1373 1507 modestia
1410 1455 1592 1507 uincit.

190 1528 386 1581 Nonne
424 1530 569 1580 leues
608 1546 816 1596 puerOS‚
853 1545 964 1580 non
999 1530 1069 1595 te,
1109 1525 1389 1596 Cytherea,
1419 1529 1640 1597 pudebit

190 1601 307 1654 Hoc
347 1619 556 1654 cessare
596 1600 791 1654 decus?
828 1618 927 1653 nec
964 1602 1176 1652 tantum
1214 1599 1388 1653 Roma
1425 1601 1630 1670 iugales

193 1673 490 1728 Conciliare
527 1677 675 1727 toros
714 1674 983 1742 festasque
1023 1674 1308 1726 accendere
1346 1675 1531 1727 taedas
1900 1673 1964 1729 'ld

191 1747 434 1800 Fertilis:
474 1750 527 1799 et
564 1750 752 1799 nostra
790 1747 972 1816 generi
1009 1747 1200 1800 tellure
1240 1747 1521 1801 dabuntur.
1955 1747 1988 1814 ἴς

191 1820 318 1874 Non
356 1822 486 1874 adeo
526 1819 793 1874 Uesuinus
833 1838 967 1889 apex
1006 1824 1061 1872 et
1098 1820 1344 1872 flammea
1382 1821 1484 1873 diri
1954 1822 1957 1823 ⁷

191 1894 393 1948 Montis
432 1894 603 1946 hiems
642 1893 878 1962 trepidas
918 1893 1163 1946 exhausit
1200 1894 1407 1946 ciuibus
1446 1894 1630 1947 urbes:

194 1966 351 2020 Stant
387 1967 704 2036 populisque
742 1967 943 2036 uigent.
1016 1966 1143 2019 hinc
1182 1967 1394 2036 auspice
1433 1968 1648 2021 condita
1686 1968 1901 2023 Phoebo
1955 1963 1978 1995 ³

192 2040 357 2094 Tecta
394 2040 676 2094 Dicarchei
714 2043 1010 2109 portusque
1049 2043 1103 2093 et
1142 2041 1304 2093 litora
1342 2041 1541 2093 mundo
1899 2040 1988 2111 73]ss

191 2113 445 2183 Hospita:
486 2117 543 2166 at
578 2114 705 2166 hinc
743 2129 972 2182 magnae
1009 2116 1214 2166 tractus
1252 2114 1522 2166 imitantia
1560 2114 1763 2169 Romae

194 2187 340 2250 Quae
379 2186 556 2256 Capys
597 2186 831 2239 aduectis
869 2187 1101 2255 inpleuit
1138 2187 1351 2240 moenia
1390 2186 1624 2241 Teucris,

191 2259 394 2314 Nostra
434 2278 642 2329 quoque
683 2264 736 2312 et
773 2260 1007 2328 propriis
1047 2260 1223 2313 tenuis
1261 2278 1360 2313 nec
1398 2278 1522 2313 rara
1560 2262 1762 2315 colonis

1752 2525 1760 2546 1
1977 2530 1988 2542 ι

310 2570 364 2610 57
396 2564 628 2610 trachinia
667 2567 717 2609 3:
756 2563 954 2608 intracia
991 2562 1054 2606 Δ*
1086 2567 1113 2605 c
1158 2564 1174 2618 ΙΙ
1219 2567 1275 2608 60
1306 2565 1437 2620 tepet
1465 2565 1650 2621 scripsi:
1693 2568 1823 2611 tenet
1853 2572 1881 2610 c
1912 2573 1988 2623 af·

191 2638 277 2681 quo
314 2629 494 2668 seruato
531 2623 723 2667 uiduum
762 2622 913 2666 cubile
953 2621 1222 2675 GeuartiuS,
1261 2623 1400 2679 uulyo
1421 2624 1439 2679 ΙΙ
1469 2629 1523 2668 61
1555 2626 1652 2667 tam
1685 2624 1988 2681 Geuartiiiss·¹

191 2684 283 2726 iam
316 2687 343 2725 c
374 2698 401 2725 a
431 2684 446 2738 ΙΙ
480 2687 533 2726 63
567 2682 840 2736 animaeque
873 2685 901 2721 c
932 2693 974 2735 a,
1006 2693 1119 2724 corr.
1155 2685 1183 2724 ς
1215 2682 1231 2736 ΙΙ
1262 2685 1319 2724 64
1349 2682 1458 2726 ferit
1489 2682 1687 2726 Markl.:
1717 2684 1838 2740 petit
1868 2689 1896 2726 c
1927 2690 1973 2729 as

189 2741 204 2798 ΙΙ
237 2746 290 2786 72
325 2740 571 2785 uesuuinus
603 2743 661 2793 A3
701 2740 754 2784 de
791 2743 820 2781 c
857 2751 952 2782 tnon
990 2740 1127 2795 liquet
1163 2741 1179 2794 ss
1219 2743 1274 2782 74
1305 2739 1412 2784 hinc
1443 2740 1685 2785 Heinsius:
1719 2742 1793 2786 hic
1825 2747 1853 2790 c
1884 2757 1911 2786 a
1939 2741 1971 2802 {1³

193 2804 246 2844 75
287 2799 457 2843 mundo
495 2799 588 2852 (uel
636 2798 756 2854 Baii)
797 2797 994 2843 Mariti..-
1044 2797 1203 2841 mundi
1244 2802 1272 2839 c
1304 2813 1330 2840 a
1367 2799 1501 2854 ponti
1542 2800 1615 2844 uel
1651 2800 1794 2845 musis
1831 2801 1985 2845 Bur-⁵·

189 2870 386 2902 mannus
