1976 3126
655 174 997 222 THEBAIDOS
1029 174 1140 221 LIB.
1172 175 1250 221 IX.
1688 174 1799 229 243

112 297 428 368 Damnaque
475 300 922 367 commemorant,
969 314 1063 351 seu
1102 297 1213 351 iam
1253 295 1351 349 sub
1392 295 1623 350 culmine
1661 294 1800 349 fixus

111 371 383 442 Excubat,
421 370 645 441 antiquo
686 388 780 424 seu
818 371 1018 441 pendet
1056 370 1233 442 gloria
1270 371 1407 425 luce.
1715 381 1799 423 195

184 443 261 499 At
305 445 450 499 ferus
488 444 869 515 Hippomedon
916 463 1244 516 quamquam
1281 444 1393 498 iam
1431 443 1601 498 sentit
1639 442 1799 497 inane

111 519 391 574 Auxilium
433 521 488 573 et
527 537 702 572 seram
742 522 899 589 rapto
939 537 1037 588 pro
1077 535 1302 589 corpore
1340 533 1603 588 pugnam,

111 593 164 648 It
202 596 388 648 tamen
427 597 483 647 et
522 611 740 647 caecum
779 595 928 646 rotat
968 592 1349 647 inrevocabilis
1387 609 1592 659 ensem,

115 666 222 723 Vix
263 667 439 721 socios
477 666 772 737 hostesque
813 664 1107 739 (nihildum
1144 665 1325 720 tardet
1365 664 1607 736 euntem)

111 739 427 812 Secernens3
468 740 561 795 sed
601 740 760 794 caede
798 759 943 795 nova
981 741 1090 795 iam
1130 740 1338 794 lubrica
1374 740 1538 794 tellus
1715 750 1801 793 200

109 814 383 885 Armaque
423 814 824 885 seminecesque
863 814 969 869 viri
1008 833 1303 885 currusque
1343 814 1511 868 soluti

107 887 418 958 Impediunt
455 888 779 958 laevumque
818 887 1013 958 femur,
1053 888 1193 959 quod
1234 887 1453 958 cuspide
1492 888 1657 941 fixum

107 962 276 1034 Regis
314 961 591 1032 Echionii,
631 962 725 1016 sed
765 962 1202 1017 dissimulaverat
1240 962 1459 1031 ardens,

109 1034 233 1091 Sive
272 1035 350 1090 ibi
380 1036 662 1091 nescierat.
736 1034 1007 1091 Maestum
1045 1036 1194 1090 videt
1231 1035 1448 1106 Hoplea
1487 1033 1730 1103 tandem3

42 1156 43 1166 ,
109 1109 320 1180 Tydeos
360 1109 449 1164 hic
489 1109 674 1181 magni
711 1109 850 1163 fidus
890 1128 1069 1164 comes
1108 1114 1163 1164 et
1202 1109 1363 1164 modo
1402 1109 1609 1163 frustra
1713 1120 1799 1162 205

105 1184 362 1254 Armiger
401 1183 666 1254 alipedem
704 1202 876 1252 prona
915 1184 1119 1239 cervice
1158 1184 1381 1238 tenebat

105 1257 365 1311 Fatorum
403 1258 655 1330 ignarum
695 1258 901 1311 domini
940 1259 1222 1328 solumque
1261 1257 1605 1327 frementem,

110 1331 265 1396 Quod
303 1336 458 1385 vacet
495 1332 657 1401 inque
698 1332 840 1386 acies
882 1332 1168 1386 audentior
1205 1331 1299 1384 ille
1337 1331 1628 1402 pedestres,

104 1405 264 1459 Hunc
305 1410 686 1475 aspernantem
724 1406 933 1459 tumido
973 1425 1119 1460 nova
1156 1405 1399 1475 pondera
1435 1408 1591 1475 tergo

105 1478 308 1549 (Unam
347 1480 545 1550 quippe
584 1498 803 1533 manum
845 1480 1067 1534 domitis
1109 1483 1361 1549 expertus
1394 1479 1463 1533 ab
1495 1477 1680 1549 annis)
1711 1491 1800 1532 210

46 1587 48 1590 -
106 1551 344 1622 Corripit
382 1550 726 1623 adfaturque:
768 1552 937 1617 ‘Quid
977 1573 1009 1609 o
1047 1572 1191 1608 nova
1228 1554 1343 1607 fata
1381 1570 1622 1622 recusaS,

45 1629 50 1679 ἶ
104 1626 302 1680 Infelix
342 1627 598 1697 sonipes?
637 1646 936 1698 numquam
974 1628 1080 1681 tibi
1121 1627 1275 1681 dulce
1316 1627 1536 1697 superbi

46 1698 51 1719 '
104 1699 273 1772 Regis
313 1718 471 1771 onus3
508 1719 620 1756 non
659 1701 772 1755 iam
811 1701 1013 1755 Aetolo
1054 1702 1325 1756 satiabere
1366 1718 1560 1771 campo

47 1791 49 1793 ·
105 1773 544 1845 Gaudentemque
583 1775 766 1829 iubam
804 1794 901 1845 per
942 1780 1140 1847 stagna
1177 1774 1445 1829 Acheloia
1485 1775 1679 1828 solves.

105 1847 258 1912 Quod
299 1851 567 1919 superest,
607 1867 786 1919 caros,
824 1851 866 1919 i,
906 1851 1101 1903 saltem
1140 1850 1397 1903 ulciscere
1436 1867 1624 1902 manes
1710 1861 1795 1901 215

47 1925 54 1945 ‘
104 1920 218 1975 Aut
266 1938 483 1990 sequere
524 1925 817 1991 extorrem,
862 1941 930 1976 ne
968 1927 1030 1977 tu
1071 1942 1283 1994 quoque
1324 1923 1546 1976 laeseris
1578 1922 1797 1976 umbras

105 1993 365 2064 Captivus
403 1995 760 2066 timidumque
800 1996 1035 2066 equitem
1074 2000 1202 2066 post
1239 1995 1423 2067 Tydea
1461 1995 1685 2066 portes?

0 2069 2 2074 ’
50 2073 52 2110 ἒ
104 2069 335 2122 Audisse
376 2086 764 2139 accensumque
803 2074 981 2139 putes:
1021 2070 1126 2124 hoc
1164 2070 1389 2123 fulmine
1428 2073 1649 2139 raptum

0 2166 8 2189 ι
102 2142 355 2196 Abstulit
394 2144 449 2196 et
488 2143 693 2196 similes
733 2143 910 2196 minus
951 2144 1267 2214 indignatur
1304 2143 1566 2198 habenas,

105 2215 335 2270 Semifer
373 2215 521 2270 aeria
559 2216 686 2270 talis
727 2215 1024 2271 Centaurus
1066 2218 1133 2271 ab
1175 2216 1314 2270 Ossa
1706 2229 1796 2269 220

103 2289 304 2343 Desilit
341 2289 398 2342 in
438 2290 634 2361 valleS,
672 2291 850 2360 ipsum
890 2309 1114 2345 nemora
1154 2292 1266 2344 alta
1305 2292 1663 2356 tremescunt,

54 2382 55 2387 ¹
105 2362 342 2432 Campus
384 2381 595 2433 equum.
674 2363 895 2434 Trepidi
935 2383 1096 2419 cursu
1134 2367 1510 2435 glomerantur
1549 2364 1746 2418 anhelo

103 2436 465 2502 Labdacidae,
505 2437 705 2507 premit
742 2438 835 2491 ille
877 2457 1060 2510 super,
1097 2440 1468 2509 necopinaque
1509 2438 1655 2492 ferro

105 2509 259 2565 Colla
297 2514 506 2564 metens
545 2512 747 2581 linquit
783 2515 1005 2567 truncos
1045 2518 1171 2583 post
1208 2517 1364 2583 terga
1404 2513 1675 2566 cadentes.

222 2661 307 2702 196
330 2669 610 2712 quamquam
636 2669 721 2701 om.
736 2661 770 2700 P
792 2658 808 2714 ΙΙ
834 2662 917 2702 199
941 2656 1218 2714 hostemque
1234 2662 1280 2701 Π
1302 2659 1317 2713 ΙΙ
1341 2662 1425 2702 201
1445 2655 1597 2701 secuti
1612 2661 1646 2699 P
1667 2658 1684 2713 ΙΙ
1707 2660 1794 2701 203

17 2715 20 2718 ’
102 2714 185 2760 sed
198 2719 270 2759 ΡΒ
285 2729 361 2772 pr.
380 2730 435 2760 m.
462 2715 710 2759 seuBS²M
734 2715 748 2774 ss
771 2720 856 2761 211
881 2716 983 2761 fata
998 2722 1075 2760 PG
1097 2716 1228 2761 iussa
1243 2720 1367 2759 Bsu
1386 2716 1402 2775 ΙΙ
1426 2721 1512 2761 212
1536 2728 1795 2771 nmquam

101 2777 135 2816 P
157 2787 390 2831 nusquam
419 2775 553 2820 ceteri
574 2776 590 2832 Ι]
613 2779 700 2818 213
733 2775 998 2832 spatiabere
1021 2777 1260 2821 Bentleius
1282 2778 1298 2832 fl
1320 2781 1408 2820 214
1431 2774 1795 2830 Undantemque

101 2831 327 2903 Bar-thius
339 2833 356 2894 ΙΙ
371 2838 563 2900 21911911
576 2834 703 2879 codd.
713 2836 811 2880 edd.
826 2848 888 2879 ne
899 2849 1013 2880 corr.
1025 2835 1323 2937 KoestlinusA
1330 2834 1520 2878 umbras
1529 2838 1563 2877 P
1577 2833 1794 2878 umbram

103 2893 273 2950 cotenu
294 2897 381 2938 217
411 2892 726 2949 t1m1dumque
758 2898 793 2936 G
826 2895 1141 2940 Mai-lelandus
1172 2896 1291 2939 turm
1325 2907 1497 2950 umque
1530 2894 1660 2940 codd.
1692 2894 1792 2939 edd.

1345 2967 1433 3012 16*
