2020 3106
270 188 356 232 XII
781 181 1066 228 EDITORIS
1097 181 1454 227 PRAEFATIO.

271 312 327 362 et
374 308 632 362 coenobio
679 304 1025 375 Hasungensi
1073 304 1305 357 donatus
1353 304 1421 356 ab
1461 303 1703 357 Aribone
1741 304 1960 375 Noric0,

269 383 673 451 archiepiscopo
705 379 1027 450 Moguntino
1060 378 1122 449 (†
1149 377 1332 448 1031),
1360 380 1585 431 'constat
1616 379 1763 432 foliis
1795 398 1960 433 mem-

275 457 492 510 braneis
518 455 722 508 formae
747 453 968 506 maioris
989 453 1100 506 162
1120 455 1176 506 et
1197 452 1609 521 diligentissime
1632 453 1710 505 ita
1727 453 1960 522 scriptus

272 534 372 598 est,
404 533 466 583 ut
496 529 554 581 in
586 528 774 598 quavis
806 528 1009 598 pagina
1038 527 1197 579 lineis
1230 526 1522 579 distributa
1553 545 1738 580 versus
1770 527 1962 580 triceni
1996 570 2007 590 ,ᾧ

272 572 542 673 leg'antur.
618 602 820 655 Manus
863 601 1159 655 correctrix
1203 601 1317 653 eius
1366 601 1461 670 qui
1506 600 1742 653 codicem
1785 605 1962 654 trans·
1997 598 2006 616 ²

276 678 494 747 scripsit
523 694 647 730 raro
681 678 920 746 apparet,
959 675 1174 744 saepius
1206 675 1431 728 alterius
1461 678 1516 727 et
1544 674 1633 728 hic
1671 676 1787 729 illic
1816 677 1965 729 tertii
2003 682 2020 718 ’-

271 751 365 820 qui
404 769 615 804 errores
656 750 1089 803 emendaverunt.
1150 747 1407 802 Continet
1438 751 1620 802 autem
1651 752 1963 803 contextum

269 825 575 879 Thebaidos
629 825 902 893 integrum
950 826 1004 876 et
1048 824 1107 876 in
1153 823 1401 892 margine
1447 824 1515 876 ab
1563 823 1748 876 eadem
1798 842 1963 876 manu

269 900 530 969 scriptam
569 899 892 967 particulam
931 897 1306 951 commentarii
1344 896 1689 950 Lactantiani
1726 898 1784 950 in
1823 897 1959 949 The-

270 973 432 1027 baida
469 973 496 1026 I
537 974 643 1027 696
672 1004 735 1011 —-
764 971 820 1025 II
858 971 943 1025 93.

419 1048 500 1101 De
565 1047 694 1100 cod.
747 1046 1048 1099 Parisino
1097 1046 1241 1100 8052
1286 1065 1355 1114 p,
1416 1043 1719 1098 Leidensi
1775 1044 1962 1114 (Bibl.

270 1121 451 1175 Publ.
488 1121 621 1173 Lat.
660 1119 847 1174 XVIII
890 1121 994 1173 136
1035 1118 1132 1191 Κ),
1180 1118 1472 1172 Gudiano
1513 1120 1585 1172 52
1625 1128 1697 1187 G,
1743 1119 1960 1172 Helm-

270 1194 594 1249 stadiensi
633 1196 740 1248 319
780 1196 815 1246 b
862 1203 917 1247 Η
955 1212 1076 1247 011111
1117 1196 1224 1246 13111
1273 1194 1574 1247 accuratius
1623 1193 1960 1263 exposuerim

272 1270 329 1321 in
366 1269 535 1338 praef.
569 1269 635 1321 ad
667 1268 864 1322 Achill.
895 1287 946 1338 p.
970 1267 1034 1321 X.
1065 1266 1186 1337 XII,
1217 1285 1361 1320 nunc
1393 1268 1528 1320 satis
1559 1266 1734 1321 habeo
1775 1267 1962 1320 confir-

274 1361 437 1412 mare,
472 1343 603 1395 mihi
635 1342 827 1395 horum
861 1360 995 1412 quos
1026 1342 1299 1395 nominavi
1331 1341 1572 1395 codicum
1603 1341 1864 1394 lectiones
1898 1340 1964 1393 ad
1999 1404 2002 1406 q

267 1416 548 1470 Thebaida
572 1434 793 1486 quoque
810 1419 1027 1485 praesto
1060 1416 1259 1469 fuisse..
1307 1415 1555 1469 Accessit
1587 1415 1714 1468 cod.
1739 1414 1964 1468 Tauri-

267 1491 485 1543 nensis
521 1500 587 1559 Τ,
626 1492 864 1544 incertae
898 1491 1107 1560 aetatis,
1147 1490 1297 1544 cuius
1335 1489 1514 1543 varias
1545 1489 1805 1542 lectiones
1845 1488 1962 1542 dili·
2005 1490 2008 1491 ⁷

271 1567 464 1633 genter
503 1565 786 1633 descripsit
821 1564 877 1617 F.
910 1563 974 1617 A.
1005 1564 1254 1617 Menkius
1294 1582 1359 1616 ex
1397 1563 1696 1616 Burmanni
1735 1561 1965 1616 Secundi

268 1638 515 1707 exemplo
557 1638 809 1691 editionis
848 1637 1354 1707 Lindenbrogianae
1395 1635 1564 1707 (quod
1602 1655 1743 1689 nunc
1789 1637 1847 1689 in
1885 1637 1964 1689 bi·

267 1712 544 1766 bliotheca
576 1712 809 1765 academ.
843 1711 1085 1781 Gotting.
1122 1712 1476 1779 adservatur),
1508 1711 1599 1780 qui
1632 1729 1722 1763 eas
1755 1728 1820 1763 ex
1853 1710 1961 1763 edi-

266 1786 418 1839 tione
452 1783 814 1855 Gronoviana,
854 1785 921 1838 ad
961 1787 1112 1838 cuius
1151 1786 1452 1856 marginem
1490 1788 1710 1838 notatae
1749 1783 2020 1837 fuerant

272 1879 303 1912 a
342 1859 624 1929 Dorvilli0‚
662 1860 1019 1913 transtulerat
1058 1877 1175 1912 cum
1218 1858 1522 1912 Oassellani
1561 1859 1759 1912 codicis
1791 1859 1960 1911 varie·
1991 1854 2009 1916 ’ἰ

267 1935 384 1986 tate
426 1934 492 1986 ad
532 1935 803 2003 exemplar
842 1933 978 1986 illud
1017 1933 1500 2003 Tiliobrogianum.

418 2007 767 2062 Enumeratis
808 2007 1098 2075 codicibus,
1139 2026 1368 2077 quorum
1414 2008 1737 2061 lectionibus
1777 2010 1839 2060 ut
1875 2006 1963 2060 vel

265 2081 497 2152 integris
550 2082 635 2134 vel
690 2082 982 2135 maximam
1035 2086 1248 2151 partem
1302 2085 1483 2135 uterer
1528 2082 1664 2134 mihi
1717 2081 1965 2150 contigit,

268 2156 432 2209 venio
463 2174 606 2208 nunc
638 2156 706 2209 ad
738 2173 830 2209 eos
863 2174 998 2225 quos
1031 2156 1143 2209 sive
1176 2154 1244 2209 ad
1278 2156 1520 2225 singulos
1550 2157 1766 2208 tantum
1797 2155 1963 2207 libros

266 2229 577 2282 Thebaidos
626 2230 740 2283 sive
788 2230 854 2282 ad
905 2230 1026 2282 loca
1080 2230 1292 2300 aliquot
1347 2229 1654 2282 difficiliora
1707 2228 1962 2282 adhibere

268 2303 440 2370 potui.
503 2301 641 2356 Sunt
678 2306 860 2356 autem
899 2303 981 2356 hi:

421 2374 988 2430 Cod.Monacensis
1015 2377 1158 2430 6396
1186 2376 1339 2447 (olim
1356 2375 1805 2447 Frisingensis
1829 2373 1957 2446 196)

264 2457 298 2502 f
325 2467 460 2503 saec.
484 2447 564 2519 Χῖ,
597 2451 686 2519 qui
713 2450 990 2503 Thebaida
1015 2468 1135 2502 cum
1166 2450 1386 2504 scholiis
1411 2451 1682 2504 Lactantii
1706 2451 1961 2503 continet.

270 2522 416 2576 Usus
456 2542 575 2577 sum
607 2524 697 2576 hic
729 2525 840 2576 illic
872 2524 1177 2576 conlatione
1215 2543 1247 2576 a
1275 2524 1536 2578 Muellero
1578 2525 1802 2578 editioni
1834 2541 1960 2576 suae
2019 2527 2020 2530 ’

265 2597 487 2650 inserta.

419 2669 688 2724 Codices
722 2669 1105 2725 Behottiani
1139 2669 1309 2740 (Beh.
1338 2674 1383 2726 1.
1409 2672 1466 2741 2)
1490 2672 1728 2725 incertae
1753 2671 1964 2736 aetatiS‚

269 2762 499 2812 quorum
547 2745 726 2798 varias
780 2746 1040 2798 lectiones
1086 2745 1143 2797 in
1187 2745 1294 2798 XII
1341 2745 1648 2799 Thebaidos
1693 2745 1861 2797 libros
1899 2743 1966 2797 V.

268 2815 350 2869 Ol.
403 2816 637 2888 Georgio
690 2818 955 2888 Turgotio
1009 2818 1333 2872 Harcuriani
1389 2817 1640 2872 Sodalitii
1697 2818 1963 2887 provisori

266 2889 541 2945 Adrianus
596 2891 882 2945 Behottius
938 2892 1087 2945 misit
1143 2895 1196 2946 et
1253 2893 1474 2946 editioni
1522 2886 1963 2961 Tiliobrogianae
2018 2946 2020 2950 Α
