1988 3106
145 155 248 208 108
751 157 801 201 Ρ.
833 156 1064 201 PAPINII
1094 157 1294 202 STATII

139 274 318 328 Torua
355 274 606 329 Cleonaei
636 275 764 327 iuba
803 275 1004 343 sideriS,
1042 292 1171 328 exue
1209 279 1350 330 curis

139 348 331 401 Pectus
371 351 425 401 et
464 348 678 401 assiduo
716 350 884 400 temet
913 348 1091 400 furare
1129 349 1315 403 labori.

139 420 214 474 Et
255 424 435 474 sontes
477 422 651 488 operit
687 420 966 488 pharetras
999 439 1285 492 arcumque
1316 424 1550 478 retendit

137 493 384 563 ParthuS,
424 497 477 547 et
515 494 662 547 Eleis
702 494 890 563 auriga
927 495 1202 548 laboribus
1243 499 1390 549 actos

137 568 347 636 Alpheo
385 568 682 636 permulcet
719 585 899 637 eqUOS‚
938 571 992 620 et
1027 571 1214 621 nostra
1249 570 1467 623 fatescit

137 639 476 709 Laxaturque
515 641 721 708 chelys:
760 640 901 693 uires
940 641 1168 711 instigat
1205 643 1408 711 alitque

138 713 481 783 Tempestiua
519 714 691 783 quies!
754 715 926 767 maior
962 718 1089 782 post
1120 715 1231 768 otia
1268 717 1463 769 uirtus!

137 786 283 839 Talis
325 790 540 840 cantata
576 787 817 840 Briseide
854 788 1006 839 uenit
1042 787 1281 841 Achilles

135 860 325 928 Acrior
364 864 418 913 et
454 861 645 930 positis
685 861 862 928 erupit
898 862 956 913 in
993 860 1229 915 Hectora
1265 862 1499 931 plectris,

136 935 210 985 'Pe
250 951 459 1003 quoque
498 933 796 986 flammabit
832 935 993 987 tacite
1031 936 1261 1003 repetita
1297 954 1584 1006 parumper

136 1005 355 1059 Desidia
394 1010 448 1059 et
486 1007 674 1060 solitos
713 1025 887 1060 nouus
926 1008 1187 1060 exultabis
1226 1009 1284 1061 in
1323 1012 1486 1062 actus.

137 1078 291 1133 Certe
330 1081 439 1133 iam
478 1079 665 1133 Latiae
701 1098 812 1133 non
851 1081 1079 1134 miscent
1114 1081 1290 1151 iurgia
1326 1083 1488 1152 leges,

134 1152 208 1205 Et
243 1172 431 1221 pacem
468 1154 622 1223 piger
660 1171 829 1206 annus
867 1154 1044 1222 habet,
1082 1173 1387 1224 messesque
1425 1174 1670 1210 reuersae

134 1226 398 1279 Dimisere
437 1227 630 1280 forum.
705 1245 805 1280 nec
841 1228 949 1279 iam
986 1228 1084 1280 tibi
1124 1229 1285 1281 turba
1321 1246 1532 1282 reorum

134 1297 418 1353 Uestibulo
450 1301 760 1369 querulique
798 1303 994 1370 rogant
1032 1301 1175 1354 exire
1215 1302 1450 1355 clientes

136 1371 326 1426 Cessat
364 1374 576 1426 centeni
614 1374 939 1426 moderatrix
974 1374 1163 1427 iudicis
1201 1375 1377 1444 hasta,

136 1445 253 1507 Qua
289 1446 390 1498 tibi
428 1447 643 1499 sublimi
680 1448 789 1500 iam
826 1465 968 1499 nunc
1000 1448 1345 1501 celeberrima
1380 1448 1525 1502 fama

133 1518 365 1588 Eminet,
403 1523 457 1571 et
494 1521 704 1572 iuuenis
742 1521 994 1573 facundia
1029 1522 1286 1588 praeterit
1323 1539 1509 1574 annos,

133 1591 284 1644 Felix
322 1610 582 1661 curarum,
621 1593 706 1645 cui
742 1610 852 1646 non
890 1593 1171 1647 Heliconia
1209 1594 1355 1647 cordi

137 1664 289 1718 Serta
327 1684 425 1718 nec
462 1666 689 1718 inbelles
726 1665 952 1718 Parnasi
991 1684 1019 1718 e
1057 1667 1256 1720 uertice
1293 1668 1494 1736 laurus,

136 1738 239 1791 Sed
277 1739 426 1808 uiget
461 1740 739 1809 ingenium
779 1743 833 1792 et
869 1757 1095 1809 magnos
1136 1742 1401 1794 accinctus
1440 1742 1497 1793 in
1534 1761 1661 1795 usus

133 1811 262 1864 Fert
301 1813 512 1866 animus
552 1830 911 1882 quascumque
949 1814 1117 1866 uices:
1156 1831 1255 1867 nos
1296 1815 1407 1867 otia
1444 1816 1588 1868 uitae

136 1884 382 1938 Solamur
421 1888 581 1939 cantu
618 1889 948 1955 uentosaque
988 1887 1183 1956 gaudia
1220 1887 1398 1940 famae

136 1958 467 2021 Quaerimus.
544 1976 612 2011 en
651 1962 863 2028 egomet
902 1978 1145 2012 somnum
1184 1963 1239 2012 et
1276 1961 1486 2030 geniale
1526 1965 1737 2015 secutus

134 2032 303 2100 Litus,
340 2032 434 2085 ubi
473 2031 717 2085 Ausonio
757 2050 813 2085 se
853 2033 1093 2085 condidit
1128 2033 1348 2102 hospita
1384 2037 1544 2102 portu

133 2104 487 2174 Parthenope,
523 2108 712 2159 tenues
750 2106 948 2175 ignauo
986 2107 1178 2174 pollice
1217 2107 1441 2160 chordas

133 2178 296 2231 Pulso
335 2178 680 2248 Maroneique
719 2179 907 2232 sedens
945 2180 1002 2232 in
1039 2180 1281 2249 margine
1319 2181 1508 2249 templi

135 2250 299 2304 Sumo
340 2254 580 2305 animum
619 2255 674 2304 et
710 2253 894 2322 magni
931 2254 1152 2305 tumulis
1192 2253 1419 2306 adcanto
1459 2256 1725 2325 magistri:

134 2324 212 2377 At
248 2328 325 2394 tn,
365 2326 411 2377 si
449 2326 600 2395 longi
638 2344 851 2379 cursum
889 2326 1039 2378 dabit
1075 2325 1311 2395 Atropos
1351 2328 1470 2380 aeui

134 2395 367 2469 (Detque
406 2396 652 2469 precorl)
692 2397 937 2467 Latiique
978 2399 1125 2451 ducis
1169 2400 1215 2452 si
1251 2401 1473 2453 numina
1510 2404 1747 2471 pergent,

1843 806 1900 847 35

1840 1171 1899 1212 40

1841 1537 1898 1577 45

1842 1904 1897 1943 50

1839 2269 1895 2310 55

251 2677 307 2716 30
339 2673 492 2729 aperit
521 2677 550 2714 c
580 2687 628 2726 a,
667 2685 780 2717 corr.
815 2676 843 2716 ς
882 2673 898 2728 ΙΙ
936 2676 988 2716 31
1023 2672 1160 2716 Eleos
1204 2673 1377 2718 Markl.
1416 2675 1433 2730 ΙΙ
1470 2679 1525 2719 32
1557 2675 1761 2732 Alpheos
1793 2682 1821 2719 c
1852 2693 1892 2732 a,

133 2743 246 2774 corr.
280 2745 309 2786 ς
338 2733 354 2787 ΙΙ
386 2736 442 2775 36
474 2731 664 2786 plectris
697 2734 726 2774 ς
759 2746 806 2774 a:
836 2730 982 2787 postis
1014 2735 1042 2772 c
1072 2732 1088 2787 ΙΙ
1118 2735 1172 2775 37
1203 2733 1360 2776 malim
1389 2733 1573 2789 placide
1597 2735 1612 2790 n
1635 2739 1690 2778 38
1722 2735 1892 2780 solidos

134 2793 162 2830 c
186 2803 226 2844 a,
258 2802 372 2833 corr.
393 2793 421 2833 ς
445 2790 461 2846 ΙΙ
484 2794 539 2832 42
571 2791 746 2846 negant
759 2789 1061 2833 Burmannus
1083 2791 1098 2846 ΙΙ
1122 2793 1178 2833 48
1209 2791 1364 2835 malim
1392 2791 1440 2835 in
1467 2793 1597 2836 actus
1621 2794 1636 2849 ΙΙ
1659 2798 1714 2836 49
1746 2794 1891 2853 uitae]

111 2846 238 2907 *miti
270 2848 445 2892 Markl.
469 2849 485 2903 ΙΙ
510 2852 563 2891 57
597 2848 637 2891 si
669 2874 721 2879 -—
754 2850 950 2905 pergent
983 2848 1180 2892 Markl.:
1212 2849 1277 2893 sic
1306 2875 1365 2883 -
1394 2852 1593 2908 pergant
1622 2855 1660 2894 A
1692 2856 1720 2894 c
