1976 3126
38 2010 45 2026 2-
35 1814 51 1981 n‘bm-aev.
39 1795 44 1801 1
40 1776 44 1783 .
47 1725 50 1734 ,

627 155 970 204 THEBAIDOS
1002 156 1114 203 LIB.
1147 156 1226 203 IX.
1663 156 1772 212 267

2 347 3 350 ¹
78 277 203 333 Dic:
242 276 442 349 Merui,
481 278 751 350 genetrix,
789 297 991 349 poenas
1030 278 1203 333 invita
1241 295 1484 350 capesse3

78 354 250 408 Arma
286 370 420 422 puer
458 351 637 427 rapui,
675 371 775 407 nec
813 356 868 406 te
908 353 1175 407 retinente
1216 353 1417 423 quievi,

79 426 195 482 Nec
231 426 333 481 tibi
372 425 637 481 sollicitae
677 427 895 481 tandem
935 426 1077 481 inter
1115 427 1260 481 bella
1297 427 1526 497 peperci.

81 500 219 556 Vive
247 499 428 572 ⁴igitur
464 501 751 572 potiusque
792 500 988 554 animis
1028 502 1261 555 irascere
1300 501 1531 571 nostris,

78 574 154 630 Et
190 575 301 629 iam
339 593 479 645 pone
518 578 711 629 metus.
786 574 1012 628 Frustra
1051 574 1115 628 de
1155 575 1294 629 colle
1333 574 1530 645 Lycaei
1685 589 1772 630 895

78 648 261 704 Anxia
299 652 640 719 prospectaS‚
681 649 729 703 si
768 649 888 719 quis
928 667 1024 719 per
1062 649 1253 703 nubila
1291 650 1455 719 longe

15 743 21 787 ξ
78 723 194 779 Aut
232 741 397 777 sonus
431 726 527 777 aut
563 726 753 778 nostro
794 723 1043 777 sublatus
1083 724 1150 777 ab
1193 723 1411 793 agmine
1450 723 1651 793 pulvis:

78 795 332 869 Frigidus
358 799 430 851 ‘et
466 796 613 851 nuda
650 796 800 851 iaceo
840 797 1059 867 tellure,
1096 815 1196 851 nec
1234 816 1464 868 usquam

16 886 18 890 ·
80 870 163 924 Tu
202 888 394 941 prope,
433 889 569 942 quae
607 872 792 926 vultus
833 870 1180 941 efflantiaque
1220 890 1317 926 ora
1355 875 1583 925 teneres.

16 966 18 988 ³
77 944 240 1000 Hunc
266 947 466 1015 tamen,
498 946 634 999 orba
660 964 870 1015 parens,
903 944 1124 998 crinem'
1157 945 1450 1016 dextraque
1487 946 1774 1000 secandum

78 1018 338 1074 Praebuit
377 1017 545 1074 ‘hunc
583 1022 703 1073 toto
744 1019 921 1089 capies
960 1038 1060 1090 pro
1100 1038 1326 1089 corpore
1366 1020 1599 1090 crinem,
1687 1034 1773 1074 901

0 1114 1 1118 ¹
80 1090 304 1148 Comere
345 1111 506 1164 quem
543 1093 751 1147 frustra
788 1111 873 1147 me
915 1093 1240 1165 dedignante
1280 1094 1507 1148 solebas,

78 1165 223 1222 Huic
263 1166 419 1222 dabis
459 1167 768 1238 exsequias,
808 1170 968 1237 atque
1008 1167 1152 1221 inter
1191 1168 1335 1221 iusta
1373 1171 1669 1237 mementO,

0 1275 1 1279 =
78 1239 164 1295 Ne
205 1240 326 1312 quis
364 1241 663 1313 inexpertis
702 1241 924 1295 hebetet
962 1259 1083 1295 mea
1120 1241 1233 1295 tela
1272 1241 1493 1296 lacertis

2 1317 4 1364 ἑ
79 1314 431 1386 Dilectosque
471 1332 629 1371 canes
669 1315 797 1370 ullis
838 1318 968 1386 agat
1007 1315 1242 1385 amplius
1282 1317 1471 1371 antris,
1689 1329 1777 1370 905

79 1388 232 1444 Haec
270 1392 454 1445 autem
491 1390 682 1460 primis
723 1409 875 1444 arma
912 1389 1157 1443 infelicia
1194 1390 1387 1443 castris

3 1534 5 1538 Α
79 1462 215 1535 Ure,
253 1464 338 1518 vel
375 1464 626 1535 ingratae
666 1483 860 1518 munus
901 1463 1168 1534 suspende
1207 1462 1452 1519 Dianae?

199 1614 284 1656 901
311 1624 377 1668 sq.
416 1610 567 1655 ‘hunc
600 1636 653 1643 —
689 1610 902 1655 solebas’
938 1610 1172 1666 Eutych.
1207 1612 1292 1655 art.
1325 1610 1366 1654 II
1399 1626 1444 1668 p.
1479 1614 1588 1665 478,
1632 1614 1688 1655 26
1720 1608 1775 1653 Κ.

81 1669 324 1727 tamquam
355 1683 380 1715 e
412 1669 534 1716 libro
566 1669 677 1715 VIII
706 1668 990 1715 Thebaidos,

201 1807 285 1848 891
335 1816 526 1862 capesse
572 1806 720 1859 PBeg
764 1803 875 1849 Βοὴ.
924 1809 956 1847 1
1002 1805 1135 1849 schol.
1192 1817 1441 1862 capessens
1491 1808 1571 1846 81
1624 1801 1778 1847 invisa

8 1900 9 1906 ,
40 1904 41 1908 ,
83 1861 267 1920 capessi
297 1863 547 1919 Bai-thius,
586 1865 667 1921 qui
703 1877 880 1909 versum
917 1864 1220 1920 insequentem
1254 1864 1505 1909 eiciendum
1535 1863 1734 1917 putabat
1762 1862 1779 1920 ΙΙ

82 1925 169 1967 893
207 1921 400 1967 tandem
430 1927 463 1966 P
492 1923 605 1968 Βοὴ.
646 1922 817 1967 saltem
845 1926 935 1965 Bu
963 1924 979 1979 ΙΙ
1010 1927 1098 1967 894
1143 1921 1406 1980 animisque
1437 1927 1471 1965 P
1500 1925 1516 1979 fl
1546 1926 1633 1967 898
1666 1923 1716 1966 et
1745 1925 1778 1963 P

83 1980 134 2026 in
179 1985 268 2025 Bu
304 1983 320 2038 ΙΙ
358 1985 444 2026 902
498 1994 574 2026 me
626 1995 702 2026 me
755 1980 985 2039 dignante
1031 1982 1228 2040 Eutych.
1276 1995 1351 2026 me
1398 1981 1654 2038 dedignate
1700 1985 1733 2024 P
1763 1981 1780 2038 ΙΙ

83 2045 260 2086 903—f>
299 2054 454 2087 versus
491 2042 655 2086 desunt
693 2042 745 2086 in
776 2045 809 2084 P
846 2042 863 2098 ΙΙ
901 2045 987 2084 903
1018 2040 1160 2085 busta
1198 2046 1307 2084 cGT
1338 2042 1453 2086 Βοὴ.
1484 2042 1612 2086 Dan.
1643 2043 1660 2097 ΙΙ
1691 2045 1776 2085 907

82 2099 297 2157 ingratae
329 2098 503 2144 crinem
534 2105 566 2143 P
596 2114 764 2144 munus
798 2100 973 2143 crimen
1005 2100 1238 2157 suspende
1268 2104 1301 2143 Β
1332 2102 1348 2157 ΙΙ
1380 2100 1488 2146 Post
1525 2115 1564 2145 v.
1604 2104 1695 2145 907
1726 2100 1780 2144 in

83 2163 117 2203 P
147 2160 238 2205 duo
269 2173 424 2205 versus
453 2160 575 2205 erasi
604 2173 694 2205 esse
723 2161 951 2214 videntur,
982 2173 1174 2216 quorum
1200 2161 1392 2218 vestiyia
1414 2163 1586 2204 extant.
1641 2159 1781 2203 Deest

83 2219 250 2264 ibidem
281 2219 558 2276 subscriptio
587 2219 727 2264 huius
758 2220 879 2264 libri.
