1976 3094
204 157 312 210 218
785 155 834 201 Ρ.
867 156 1094 202 ΡΑΡΙΝῚΙ
1123 156 1271 202 STAT
1278 157 1316 202 11

199 278 479 347 Insignem
519 276 667 330 fama
708 280 1000 347 sanctoque
1039 276 1379 347 Melampode
1419 281 1624 332 cretum

201 352 602 406 Thiodamanta
640 351 855 421 volunt,
895 352 1111 421 quicum
1150 353 1265 421 ipse
1305 370 1502 406 arcana
1540 353 1762 406 deorum

202 425 406 481 Partiri
445 428 499 478 et
535 425 682 478 visas
721 426 816 478 uni
855 426 1061 479 sociare
1103 426 1314 479 solebat
1800 441 1886 483 280

201 499 569 569 Amphiaraus
611 517 756 569 aveS,
794 502 1087 570 tantaeque
1123 500 1260 553 haut
1297 499 1513 554 invidus
1554 501 1686 554 artis

200 573 484 628 Gaudebat
523 572 628 626 dici
667 573 899 627 similem
938 574 1195 644 iuxtaque
1234 574 1539 628 secundum.

198 648 363 702 Illum
401 648 593 716 ingens
635 647 916 701 confundit
953 649 1125 703 honos
1164 649 1491 718 inopinaque
1530 649 1718 702 turbat

200 722 392 776 Gloria
432 725 487 774 et
526 721 738 776 oblatas
778 722 994 776 frondes
1035 723 1336 776 submissus
1377 722 1591 788 adorat,

199 796 374 866 Seque
415 795 568 848 oneri
605 800 779 866 negat
818 815 935 850 esse
974 815 1162 866 parem
1201 797 1428 867 cogique
1467 799 1726 850 meretur:
1805 810 1890 851 285

199 868 351 924 Sicut
390 869 785 924 Achaemenius
826 871 1023 924 solium
1062 873 1360 941 gentesque
1398 873 1652 940 paternas

196 944 428 1014 Excepit
469 944 514 996 si
556 944 696 999 forte
736 963 891 1014 puer,
930 946 1016 998 cui
1054 946 1236 1000 vivere
1276 948 1489 1014 patrem

198 1018 416 1087 Tutius,
455 1018 662 1072 incerta
700 1019 989 1073 formidine
1030 1019 1229 1090 gaudia
1266 1019 1454 1088 librat,

199 1093 290 1146 An
327 1093 422 1145 fidi
460 1111 732 1163 procereS,
769 1112 838 1146 ne
876 1098 1084 1164 pugnet
1122 1095 1317 1164 vulgus
1354 1093 1606 1162 habenis„

198 1166 301 1221 Oui
338 1167 481 1220 latus
521 1166 861 1236 Euphratae,
901 1168 987 1221 cui
1025 1166 1226 1238 Caspia
1264 1167 1454 1222 limina
1493 1167 1724 1221 mandet.
1805 1181 1890 1222 290

197 1240 419 1295 Sumere
457 1244 588 1294 tunc
627 1259 780 1295 arcus
820 1242 1109 1312 ipsumque
1149 1259 1371 1295 onerare
1409 1244 1624 1295 veretur

195 1315 378 1368 Patris
419 1333 639 1385 equum,
677 1315 935 1385 visusque
977 1316 1080 1369 sibi
1118 1333 1216 1370 nec
1257 1318 1472 1386 sceptra
1511 1317 1697 1386 capaci

198 1388 513 1443 Sustentare
553 1409 718 1443 manu
755 1408 853 1443 nec
894 1390 1067 1444 adhuc
1105 1391 1331 1460 implere
1369 1391 1584 1444 tiaram.

269 1463 451 1533 Atque
488 1463 536 1516 is
575 1465 671 1518 ubi
708 1464 912 1518 intorto
952 1466 1202 1536 signatur
1241 1465 1434 1518 vellere
1475 1465 1677 1517 crinem

197 1537 567 1607 Convenitque
607 1539 745 1607 deis,
783 1539 948 1592 hilari
986 1557 1084 1610 per
1123 1543 1304 1593 castra
1342 1539 1580 1592 tumultu
1801 1551 1886 1593 295
1971 1612 1973 1616 v

193 1611 363 1665 Vadit
403 1630 570 1665 ovans
612 1631 696 1682 ac,
733 1613 909 1682 prima
949 1614 1033 1667 sui
1071 1613 1413 1681 documenta,
1453 1612 1702 1666 sacerdos

198 1685 473 1738 Tellurem
511 1686 728 1754 placare
767 1690 948 1755 parat:
985 1705 1085 1741 nec
1122 1687 1280 1740 futile
1319 1687 1543 1741 maestis

194 1760 259 1813 Id
298 1759 474 1812 visum
512 1759 736 1813 Danais
814 1760 1068 1815 Geminas
1109 1779 1240 1832 ergo
1279 1761 1432 1815 ilicet
1470 1779 1590 1814 aras

195 1833 500 1887 Arboribus
540 1834 680 1888 vivis
720 1838 776 1888 et
815 1835 1000 1888 adulto
1041 1836 1276 1905 caespite
1314 1836 1427 1889 texi

193 1908 459 1977 Imperat,
497 1908 913 1979 innumerosque
952 1910 1106 1981 deae,
1145 1930 1244 1964 sua
1281 1928 1528 1979 munera,
1566 1909 1724 1963 flores
1800 1913 1890 1963 300
1965 1938 1971 1971 ς

192 1981 270 2035 Et
309 1982 550 2035 cumulos
589 1982 808 2053 frugum
847 1987 901 2036 et
941 1984 1200 2054 quidquid
1228 1987 1396 2038 novat
1426 1984 1659 2054 impiger
1700 2001 1886 2054 annuS,
1966 2000 1969 2006 ·

192 2055 364 2109 Addit
403 2059 458 2109 et
495 2056 702 2111 intacto
746 2075 1006 2128 spargens
1046 2059 1241 2112 altaria
1279 2059 1419 2112 lacte

191 2129 413 2200 Incipit:
454 2129 519 2183 ‘O
558 2130 840 2185 hominum
879 2133 1164 2203 divumque
1205 2136 1428 2186 aeterna
1466 2133 1721 2202 creatrix,

194 2204 344 2267 Quae
384 2204 573 2258 fluvios
615 2206 887 2275 silvasque
927 2208 1233 2260 animarum
1272 2210 1327 2260 et
1366 2208 1572 2260 semina
1610 2207 1810 2260 mundo

192 2276 403 2332 Cuncta
442 2277 903 2350 Prometheasque
941 2300 1134 2335 manus
1171 2281 1552 2351 Pyrrhaeaque
1591 2300 1722 2334 saxa
1797 2292 1881 2334 305

191 2351 408 2423 Gignis‚
447 2355 502 2405 et
540 2354 771 2422 inpastis
812 2373 948 2424 quae
988 2356 1163 2424 prima
1202 2356 1461 2409 alimenta
1500 2355 1697 2408 dedisti

191 2425 526 2496 Mutastique
564 2428 720 2497 viriS,
760 2447 896 2498 quae
935 2433 1164 2498 pontum
1205 2430 1485 2499 ambisque
1524 2430 1806 2499 vehisque:

310 2546 397 2587 286
438 2542 772 2588 achaemonius
802 2549 835 2587 P
876 2544 1176 2589 achamenius
1208 2550 1243 2588 B
1280 2548 1296 2603 ΙΙ
1335 2550 1418 2590 291
1459 2545 1648 2591 videtur
1679 2550 1711 2588 P
1744 2546 1761 2601 ΙΙ
1795 2547 1879 2588 294

193 2601 410 2658 signatur
439 2607 473 2645 P
504 2602 712 2660 signavit
742 2605 875 2649 ceteri
897 2607 912 2662 ΙΙ
937 2609 1023 2650 300
1054 2604 1249 2649 numina
1279 2610 1312 2648 P
1334 2607 1350 2663 ΙΙ
1373 2611 1458 2650 301
1492 2604 1697 2649 tumulos
1721 2608 1752 2646 P
1779 2605 1786 2658 Ι
1812 2601 1880 2646 in-

190 2660 328 2718 piger
356 2665 440 2704 1²11
477 2662 703 2707 Heinsius
732 2677 754 2708 e
793 2665 887 2709 cod.
929 2662 1115 2721 integer
1143 2669 1267 2707 Bsu
1304 2665 1320 2721 ΙΙ
1359 2670 1446 2710 304
1484 2664 1658 2708 mundo
1689 2667 1722 2706 P
1752 2662 1876 2707 Dan.

190 2720 354 2765 mundi
399 2725 524 2765 Bsu
561 2723 577 2778 ΙΙ
615 2727 702 2767 307
755 2722 1063 2778 Multatisque
1116 2722 1230 2768 viris
1277 2728 1311 2766 P
1356 2723 1631 2783 Mutastilsq.
1678 2721 1800 2767 vires
1845 2723 1877 2762 B

192 2823 482 2880 Mutastique
520 2825 644 2870 viros
678 2831 704 2869 S
743 2825 1030 2882 Mutastique
1061 2827 1187 2871 viros
1220 2832 1410 2882 cpH'PI.
1441 2827 1730 2883 Mutatisque
1762 2822 1876 2870 viris

192 2887 228 2925 G
258 2882 547 2939 Mutastique
578 2884 706 2930 vices
738 2886 835 2931 edd.
869 2885 1156 2942 Mutastique
1187 2886 1300 2931 viris
1332 2888 1498 2944 scripsi
1842 2910 1851 2917 ·
