1988 3106
145 171 213 223 26
753 171 802 215 P.
835 147 1063 213 ΡΑΡΙΝΠ
1095 167 1294 212 STATII

146 291 320 353 Quare
361 309 484 360 age,
523 291 568 343 si
607 289 788 343 Cereri
828 307 924 342 sua
962 288 1102 341 dona
1131 304 1439 354 merumque
1478 286 1658 354 Lyaeo

146 364 458 428 Reddimus,
498 367 552 416 et
590 364 736 416 diues
776 362 1004 431 praedae
1042 364 1222 412 tamen
1261 360 1455 428 accipit
1493 361 1639 412 omni

144 438 381 490 Exuuias
421 438 596 490 Diana
633 436 784 489 tholo
825 436 1142 504 captiuaque
1179 434 1289 486 tela

146 511 495 579 Bellipotens:
533 529 632 563 nec
669 513 731 561 tu
769 507 1114 580 (quamquam
1150 507 1274 572 tibi,
1313 505 1534 574 Gallice,
1574 507 1742 558 maius
1972 555 1974 570 ἶ

146 584 462 653 Eloquium,
500 584 756 651 fandique
797 583 988 651 opibus
1029 580 1271 633 sublimis
1311 578 1575 649 abundas)
1855 593 1910 632 35
1936 574 1975 639 :2¹

149 657 348 726 Sperne
388 658 490 710 coli
527 658 766 709 tenuiore
805 657 940 738 lyra..
1013 671 1153 723 uaga
1191 653 1422 722 cingitur
1461 653 1619 705 astris

145 731 320 799 Luna,
359 734 412 783 et
449 732 505 782 in
545 748 803 783 oceanum
841 729 944 780 riui
984 727 1215 780 cecidere
1254 727 1502 779 minores

151 804 298 866 Quae
337 805 438 856 tibi
477 804 738 856 sollicitus
777 801 1036 870 persoluit
1074 801 1316 868 praemia
1354 818 1562 852 morum
1969 852 1972 862 ,

148 877 311 930 Urbis
353 878 537 929 amor‘?
603 895 737 945 quae
774 879 891 927 tum
929 878 1248 943 patrumque
1288 873 1628 942 equitumque
1669 873 1856 925 notaui
1934 933 1936 935 ,

150 951 379 1003 Lumina
419 954 472 1002 et
510 951 731 1019 ignarae
770 949 942 1017 plebis
981 954 1163 1017 lugere
1201 949 1481 1015 potentes?
1788 950 1799 979 ⁸
1861 959 1917 998 40
1967 998 1970 1019 ι

149 1023 275 1077 Νο11
312 1025 527 1076 labente
566 1023 745 1076 Numa
781 1022 964 1074 timuit
1003 1022 1076 1073 sic
1116 1021 1262 1073 curia
1299 1020 1448 1087 felix,
1967 1025 1969 1032 ’

149 1097 408 1166 Pompeio
447 1116 544 1150 nec
583 1097 754 1149 celsus
794 1113 952 1164 eques
991 1112 1089 1146 nec
1127 1094 1326 1146 femina
1364 1092 1544 1146 Brut0.

152 1171 270 1223 Hoc
309 1171 462 1222 illud:
503 1170 675 1222 tristis
715 1170 942 1221 inuitum
983 1167 1165 1219 audire
1205 1170 1441 1235 catenas,

152 1244 375 1297 Parcere
414 1244 718 1296 uerberibus
756 1260 853 1293 nec
894 1260 997 1309 qua
1035 1241 1183 1306 iubet
1222 1241 1333 1292 alta
1370 1243 1610 1308 potestas

150 1317 258 1386 Ire,
300 1317 392 1369 sed
432 1320 664 1369 armatas
705 1317 933 1368 multum
975 1314 1078 1367 sibi
1117 1313 1325 1366 demere
1363 1314 1503 1366 uires
1863 1326 1939 1366 45

155 1390 484 1459 Dignarique
512 1408 713 1442 ¹manus
753 1389 970 1441 humilis
1010 1390 1064 1439 et
1101 1387 1268 1439 uerba
1305 1390 1639 1456 precantum,

153 1464 392 1516 Reddere
431 1464 548 1515 iura
585 1463 702 1515 foro
741 1480 839 1514 nec
875 1461 1190 1529 proturbare
1229 1460 1437 1512 curules

153 1537 229 1589 Et
267 1538 467 1590 ferrum
505 1537 734 1588 mulcere
773 1539 917 1603 toga.
993 1534 1068 1586 sic
1109 1534 1218 1585 itur
1254 1533 1312 1584 in
1350 1534 1457 1585 alta

153 1610 400 1678 Pectora,
440 1611 516 1662 sic
553 1610 720 1660 mixto
761 1607 1059 1659 reuerentia
1097 1606 1224 1658 sidit
1262 1624 1457 1659 amore.

155 1684 282 1751 Ipsa
321 1684 481 1735 etiam
522 1685 738 1735 cunctos
780 1681 958 1750 grauis
997 1679 1340 1731 inclementia
1377 1679 1478 1732 fati
1864 1693 1933 1733 50:

155 1757 372 1808 Terruit
411 1759 464 1808 et
505 1756 669 1808 subiti
709 1772 960 1823 praeceps
998 1753 1229 1805 iuuenile
1266 1753 1473 1821 pericli,
1942 1747 1943 1750 '

153 1826 250 1883 Nil
289 1832 573 1883 cunctante
612 1829 769 1880 malo,
845 1845 955 1879 non
993 1826 1125 1878 illud
1163 1827 1320 1894 culpa
1359 1830 1599 1879 senectae

160 1903 391 1972 (Quippe
432 1921 492 1955 ea
530 1903 613 1954 bis
655 1902 795 1954 senis
836 1901 1052 1952 uixdum
1092 1917 1215 1952 orsa
1253 1900 1500 1952 excedere
1537 1899 1761 1971 lustris),

160 1975 263 2029 Sed
302 1977 454 2028 labor
492 1975 776 2028 intendens
817 1974 1084 2042 animique
1123 1973 1180 2024 in
1217 1974 1458 2025 membra
1499 1974 1728 2043 uigentis
1935 2021 1950 2030 ,

156 2050 447 2117 Imperium
486 2048 781 2119 uigilesque
821 2066 917 2100 suo
956 2064 1053 2116 pro
1096 2043 1325 2098 Caesare
1364 2065 1548 2114 curae,
1867 2042 1940 2100 55]
1979 2045 1985 2069 '⁴

158 2123 327 2176 Dulce
368 2142 517 2191 opuS.
592 2122 719 2174 hinc
756 2121 927 2173 fessos
966 2120 1178 2189 penitus
1219 2120 1487 2188 subrepsit
1524 2125 1581 2173 in
1619 2124 1767 2173 artus

158 2196 424 2248 Insidiosa
463 2195 610 2265 quies
649 2198 703 2246 et
740 2195 897 2263 pigra
935 2193 1133 2246 obliuio
1172 2189 1331 2246 uitae.

160 2270 308 2321 Tunc
346 2270 494 2338 deus,
533 2268 719 2336 Alpini
760 2268 849 2336 qui
887 2267 1034 2319 iuxta
1072 2266 1304 2318 culmina
1343 2266 1485 2319 dorsi

161 2342 353 2412 Signat
391 2342 678 2410 Apollineo
719 2343 932 2393 sanctos
973 2339 1287 2408 cognomine
1326 2339 1498 2407 lucOS,

159 2416 401 2484 Respicit
437 2415 542 2467 heu
579 2414 721 2467 tanti
758 2413 995 2465 residens
1036 2429 1251 2464 securus
1290 2412 1506 2464 alumni.
1871 2428 1927 2468 60

281 2637 338 2676 34
378 2645 659 2688 quamquam
697 2631 954 2675 Bentleius:
994 2629 1178 2685 quando
1218 2634 1247 2671 c
1279 2645 1306 2672 3
1342 2631 1358 2686 ΙΙ
1394 2634 1449 2673 41
1482 2630 1662 2674 maduit
1699 2631 1765 2675 sic
1802 2614 1937 2676 611113

163 2691 277 2735 fietu
308 2691 530 2734 Heinsius
551 2692 567 2746 ΙΙ
590 2696 646 2734 49
680 2690 792 2733 sidit
823 2702 978 2733 amore
1008 2689 1265 2732 Bentleius:
1295 2687 1397 2732 fidit
1426 2689 1574 2732 amori
1618 2693 1655 2731 Δ
1695 2694 1723 2731 c
1767 2704 1814 2734 se
1847 2690 1944 2735 (1311

163 2763 319 2793 3111016
369 2750 542 2793 Markl.
581 2751 596 2805 ΙΙ
635 2754 690 2793 50
737 2748 848 2791 Inde
896 2747 1038 2792 etiam
1077 2746 1356 2791 Schraderus
1399 2747 1416 2803 ΙΙ
1461 2752 1516 2790 57
1548 2747 1710 2803 pigrae
1743 2752 1771 2792 ς
1811 2750 1826 2805 ΙΙ
1871 2740 1945 2794 59

164 2808 432 2864 Apollineos
457 2809 615 2851 sancto
641 2812 669 2849 c
692 2820 869 2862 a‚eorr.
897 2806 1190 2862 Markl.1160
1213 2805 1416 2849 residens
1439 2806 1627 2861 scripsi
1634 2807 1662 2850 Ζ.
1688 2807 1716 2850 Ζ.
1733 2821 1784 2864 p.
1809 2811 1931 2852 253.-

163 2866 395 2923 precidem
442 2871 469 2907 c
502 2881 528 2908 3
573 2865 751 2921 pridem
785 2869 813 2908 ς
