1976 3094
608 142 952 191 THEBAIDOS
984 144 1096 191 LIB.
1130 144 1185 192 11.
1670 146 1744 200 43

53 269 189 324 Iuno
229 265 391 322 venit.
469 266 584 330 Quo
624 266 802 320 tendis
842 266 985 321 iter?
1024 267 1082 320 ni
1122 267 1363 321 conscius
1404 267 1565 322 ardor

53 341 218 398 Ducit
256 343 310 395 et
348 340 415 394 ad
448 340 661 394 Thebas
701 341 893 395 melior
932 340 1119 395 socer?
1182 341 1287 395 Hic
1327 342 1486 395 breve
1523 342 1745 395 tandem

54 417 200 472 Risit
235 413 533 470 Echionius
573 414 781 469 iuvenis
820 419 1173 486 tenerumque
1214 416 1453 470 dolorem

59 488 318 560 Coniugis
358 489 609 559 amplexu
651 490 858 543 solatus
900 493 955 542 et
993 491 1178 544 oscula
1217 490 1438 544 maestis

55 564 403 635 Tempestiva
442 563 593 635 genis
633 564 818 633 posuit
857 563 1213 634 lacrimasque
1253 564 1531 633 repressit:
1659 577 1746 617 355

56 638 232 695 ‘Solve
271 639 447 691 metus
488 636 692 707 animO,
732 638 972 706 dabitur,
1013 638 1148 691 mihi
1188 639 1364 708 crede,
1406 638 1716 692 medentum

55 711 314 769 Consiliis
351 711 648 781 tranquilla
687 712 822 782 dies;
860 716 915 766 te
955 713 1147 766 fortior
1187 713 1342 766 annis

53 786 310 843 Nondum
342 803 471 839 cura
509 786 676 839 decet.
754 784 904 842 Sciat
941 786 1075 840 haec
1116 786 1403 841 Saturnius
1443 787 1575 840 olim

53 860 192 918 Fata
229 877 450 930 parone,
490 861 783 930 oculosque
823 861 950 930 polo
992 861 1274 914 demittere
1317 862 1364 915 si
1405 880 1512 931 qua

53 935 270 992 Iustitia
309 938 364 987 et
400 936 608 988 rectum
647 935 806 988 terris
848 935 1134 989 defendere
1176 939 1349 989 curat:
1660 948 1748 989 360

52 1009 190 1065 Fors
230 1008 403 1063 aderit
441 1009 533 1062 lux
572 1008 667 1062 illa
705 1008 833 1078 tibi,
874 1028 979 1079 qua
1018 1010 1231 1063 moenia
1271 1027 1455 1063 cernes

55 1083 312 1154 Coniugis
353 1086 408 1137 et
446 1083 691 1153 geminas
731 1082 836 1136 ibis
876 1083 1066 1154 regina
1106 1102 1202 1153 per
1240 1082 1438 1137 urbes?

132 1158 219 1213 Sic
259 1157 360 1227 ait,
401 1161 455 1210 et
495 1175 620 1211 caro
661 1158 862 1227 raptim
904 1176 960 1211 se
1002 1158 1188 1218 limine
1228 1158 1451 1228 profert.

54 1233 131 1304 Ty
138 1232 236 1286 dea
274 1231 385 1285 iam
425 1231 633 1284 socium
673 1231 901 1301 coeptiS,
941 1232 1051 1284 iam
1092 1235 1308 1316 pectore
1349 1231 1458 1286 fido

53 1307 395 1376 Aequantem
434 1323 589 1358 curas
631 1303 843 1374 (tantus
882 1310 1006 1375 post
1045 1306 1222 1376 iurgia
1263 1311 1472 1359 mentes
1663 1319 1752 1358 365

53 1380 250 1438 Vinxit
289 1379 462 1451 amor)
502 1397 851 1449 socerumque
892 1380 1109 1443 adfatur
1147 1380 1320 1433 tristis
1361 1380 1676 1433 Adrastum.

54 1453 146 1511 Fit
183 1472 336 1508 mora
374 1452 623 1519 consilio,
664 1471 782 1506 cum
825 1454 1001 1507 multa
1040 1455 1383 1507 moventibus
1427 1473 1534 1507 una

56 1528 174 1584 Iam
212 1528 392 1599 potior
430 1527 638 1581 cunctis
680 1528 821 1581 sedit
861 1528 1150 1598 sententia,
1189 1528 1377 1581 fratris

57 1603 429 1673 Pertemptare
468 1602 628 1655 fidem
668 1605 924 1672 tutosque
965 1603 1022 1655 in
1060 1620 1232 1672 regna
1271 1601 1538 1671 precando

58 1677 360 1747 Explorate
400 1676 594 1730 aditus.
670 1677 863 1730 Audax
905 1695 968 1730 ea
1008 1695 1234 1730 munera
1276 1677 1491 1746 Tydeus
1667 1689 1754 1729 370

40 1751 264 1822 .Sponte
304 1750 476 1820 subit3
516 1768 614 1804 nee
653 1769 763 1803 non
804 1755 858 1804 et
895 1755 971 1821 te,
1011 1751 1310 1804 fortissime
1350 1751 1530 1834 gentis

59 1825 341 1894 Aetolum,
381 1791 613 1878 mu’ltum
652 1825 892 1878 lacrimis
932 1829 1127 1879 conata
1167 1826 1370 1880 morari

61 1899 315 1969 Deipyle,
355 1897 448 1951 sed
486 1899 633 1952 iussa
674 1900 846 1967 patris
886 1900 1098 1969 tutique
1139 1918 1417 1970 regressus

64 1973 272 2043 Legato
313 1973 592 2041 iustaeque
631 1991 818 2041 preces
856 1974 1033 2026 vicere
1074 1977 1294 2028 sororis.

136 2047 360 2117 Iamque
400 2064 648 2100 emensus
688 2047 792 2100 iter
831 2047 983 2100 silvis
1025 2066 1086 2100 ac
1125 2048 1286 2101 litore
1326 2048 1542 2117 durum,
1665 2060 1753 2101 375

66 2121 186 2186 Qua
221 2121 466 2174 Lernaea
505 2120 660 2189 palus
701 2121 1052 2205 ambustaque
1095 2122 1342 2175 sontibus
1385 2123 1492 2174 alte

64 2195 307 2307 Intepet
313 2194 492 2306 llydra
532 2194 706 2263 vadiS,
747 2198 800 2248 et
839 2214 946 2264 qua
986 2196 1074 2248 vix
1115 2197 1352 2248 carmine
1391 2214 1515 2249 raro

65 2301 170 2309 ——--.-

188 2345 274 2386 356
301 2355 366 2398 sq.
403 2340 612 2385 ‘dabitur
645 2366 696 2373 -
733 2341 851 2386 dies’
886 2341 1162 2386 Priscian.
1197 2341 1282 2385 VH
1325 2347 1393 2397 16,
1429 2346 1484 2385 75
1515 2357 1558 2398 p.
1593 2340 1760 2386 351H.

66 2427 128 2434 ...-

184 2465 272 2506 354
317 2459 494 2505 solatus
536 2463 649 2503 PSB
688 2475 762 2517 pr.
808 2476 865 2506 m.
908 2465 983 2503 r11
1045 2459 1224 2504 solatur
1264 2460 1320 2502 (3²
1362 2463 1494 2517 (cum.
1528 2463 1639 2516 ras.)
1671 2465 1717 2503 Π
1760 2514 1761 2517 ¹

63 2520 151 2566 356
181 2518 248 2563 mi
277 2524 309 2563 P
336 2521 344 2577 1
370 2520 631 2563 merentum
661 2524 747 2563 Pu
780 2521 926 2566 Prisc.
961 2519 1242 2563 merentium
1272 2524 1306 2562 B
1338 2520 1613 2564 medentum
1646 2534 1762 2565 corr.

67 2579 347 2626 Schraderus
376 2580 627 2635 parentum
656 2581 966 2625 Baehrensius
988 2581 1004 2636 ΙΙ
1029 2585 1114 2623 357
1148 2580 1247 2623 dies
1282 2583 1412 2622 PBH
1446 2580 1595 2623 Prisc.
1631 2580 1763 2635 quies

64 2641 111 2682 H
141 2638 420 2684 Schraderus
443 2640 458 2695 ΙΙ
482 2643 568 2682 359
609 2638 846 2683 dimittere
879 2641 1005 2684 codd.
1071 2638 1319 2682 demittere
1353 2653 1467 2683 corr.
1503 2639 1721 2683 Menkius
1756 2644 1760 2695 l

68 2697 112 2742 'si
156 2710 270 2754 quos
328 2699 453 2743 codd.
520 2697 559 2741 si
609 2711 701 2753 qua
739 2712 853 2744 corr.
892 2699 1173 2743 Bernartius
1221 2698 1260 2741 si
1306 2698 1515 2751 mittere,
1566 2698 1607 2741 si
1653 2696 1768 2753 quid

63 2754 300 2801 Iustitiam
334 2758 645 2802 Baehreusius
675 2758 690 2813 ΙΙ
721 2763 807 2802 366
850 2757 1037 2801 adfatur
1068 2757 1207 2800 tritus
1240 2762 1272 2799 P
1296 2759 1311 2813 ΙΙ
1336 2761 1570 2801 367-458
1604 2758 1768 2801 desunt

63 2815 122 2861 in
151 2831 183 2871 g
220 2830 320 2862 cum
358 2818 450 2862 duo
481 2818 597 2871 solia
628 2818 879 2862 exciderint
900 2818 916 2874 ΙΙ
940 2821 1025 2861 368
1058 2815 1182 2859 Nam
1212 2818 1404 2871 BG²M11
1429 2820 1514 2860 369
1547 2815 1767 2860 Praeten-

71 2873 174 2919 tare
203 2874 264 2921 D.
297 2876 525 2922 Heinsius
