<?xml version="1.0" encoding="UTF-8"?>
<!DOCTYPE html PUBLIC "-//W3C//DTD XHTML 1.0 Transitional//EN"
    "http://www.w3.org/TR/xhtml1/DTD/xhtml1-transitional.dtd">
<html xmlns="http://www.w3.org/1999/xhtml" xml:lang="en" lang="en">
 <head>
  <title>
</title>
<meta http-equiv="Content-Type" content="text/html;charset=utf-8" />
  <meta name='ocr-system' content='tesseract 3.04.00' />
  <meta name='ocr-capabilities' content='ocr_page ocr_carea ocr_par ocr_line ocrx_word'/>
</head>
<body>
  <div class='ocr_page' id='page_1' title='image "./operapapinius12statuoft_0192.png"; bbox 0 0 2020 3106; ppageno 0'>
   <div class='ocr_carea' id='block_1_1' title="bbox 223 124 1412 172">
    <p class='ocr_par' dir='ltr' id='par_1_1' title="bbox 223 124 1412 172">
     <span class='ocr_line' id='line_1_1' title="bbox 223 124 1412 172; baseline 0 0"><span class='ocrx_word' id='word_1_1' title='bbox 223 128 290 172; x_wconf 90' lang='lat' dir='ltr'>VI</span> <span class='ocrx_word' id='word_1_2' title='bbox 735 124 1019 171; x_wconf 83' lang='lat' dir='ltr'>EDITORIS</span> <span class='ocrx_word' id='word_1_3' title='bbox 1050 124 1412 171; x_wconf 85' lang='lat' dir='ltr'><strong>PRAEFATIO.</strong></span> 
     </span>
    </p>
   </div>
   <div class='ocr_carea' id='block_1_2' title="bbox 224 246 2020 326">
    <p class='ocr_par' dir='ltr' id='par_1_2' title="bbox 224 246 2020 326">
     <span class='ocr_line' id='line_1_2' title="bbox 224 246 2020 326; baseline -0.001 -26"><span class='ocrx_word' id='word_1_4' title='bbox 224 247 499 300; x_wconf 81' lang='lat' dir='ltr'>Thebaide</span> <span class='ocrx_word' id='word_1_5' title='bbox 553 248 611 300; x_wconf 93' lang='lat' dir='ltr'>in</span> <span class='ocrx_word' id='word_1_6' title='bbox 659 247 755 300; x_wconf 91' lang='lat' dir='ltr'>illo</span> <span class='ocrx_word' id='word_1_7' title='bbox 806 247 1049 316; x_wconf 84' lang='lat' dir='ltr'>exemplo</span> <span class='ocrx_word' id='word_1_8' title='bbox 1107 247 1375 317; x_wconf 80' lang='lat' dir='ltr'>principe,</span> <span class='ocrx_word' id='word_1_9' title='bbox 1431 246 1573 316; x_wconf 87' lang='lat' dir='ltr'>quod</span> <span class='ocrx_word' id='word_1_10' title='bbox 1627 248 1918 301; x_wconf 88' lang='lat' dir='ltr'>secundum</span> <span class='ocrx_word' id='word_1_11' title='bbox 2002 279 2020 326; x_wconf 64' lang='lat'>„⁴</span> 
     </span>
    </p>
   </div>
   <div class='ocr_carea' id='block_1_3' title="bbox 223 320 1920 834">
    <p class='ocr_par' dir='ltr' id='par_1_3' title="bbox 223 320 1920 834">
     <span class='ocr_line' id='line_1_3' title="bbox 223 320 1918 389; baseline -0.001 -15"><span class='ocrx_word' id='word_1_12' title='bbox 223 321 443 375; x_wconf 91' lang='lat' dir='ltr'>Alcuini</span> <span class='ocrx_word' id='word_1_13' title='bbox 495 321 867 374; x_wconf 90' lang='lat' dir='ltr'>testimonium</span> <span class='ocrx_word' id='word_1_14' title='bbox 923 320 1154 389; x_wconf 91' lang='lat' dir='ltr'>septimo</span> <span class='ocrx_word' id='word_1_15' title='bbox 1208 321 1295 374; x_wconf 88' lang='lat' dir='ltr'>vel</span> <span class='ocrx_word' id='word_1_16' title='bbox 1355 324 1546 374; x_wconf 87' lang='lat' dir='ltr'>octavo</span> <span class='ocrx_word' id='word_1_17' title='bbox 1594 322 1806 375; x_wconf 90' lang='lat' dir='ltr'>saeculo</span> <span class='ocrx_word' id='word_1_18' title='bbox 1860 323 1918 374; x_wconf 93' lang='lat' dir='ltr'>in</span> 
     </span>
     <span class='ocr_line' id='line_1_4' title="bbox 223 394 1918 460; baseline 0.001 -13"><span class='ocrx_word' id='word_1_19' title='bbox 223 394 564 448; x_wconf 73' lang='lat' dir='ltr'>Britanniam</span> <span class='ocrx_word' id='word_1_20' title='bbox 595 395 835 448; x_wconf 86' lang='lat' dir='ltr'>delatum</span> <span class='ocrx_word' id='word_1_21' title='bbox 858 395 1193 448; x_wconf 74' lang='lat' dir='ltr'>bibliotheca</span> <span class='ocrx_word' id='word_1_22' title='bbox 1214 394 1576 448; x_wconf 87' lang='lat' dir='ltr'>Eboracensis</span> <span class='ocrx_word' id='word_1_23' title='bbox 1595 395 1918 460; x_wconf 80' lang='lat' dir='ltr'>continebat,</span> 
     </span>
     <span class='ocr_line' id='line_1_5' title="bbox 225 469 1919 538; baseline 0 -17"><span class='ocrx_word' id='word_1_24' title='bbox 225 470 281 521; x_wconf 93' lang='lat' dir='ltr'>in</span> <span class='ocrx_word' id='word_1_25' title='bbox 337 469 512 523; x_wconf 87' lang='lat' dir='ltr'>medio</span> <span class='ocrx_word' id='word_1_26' title='bbox 568 469 977 538; x_wconf 86' lang='lat' dir='ltr'>relinquendum</span> <span class='ocrx_word' id='word_1_27' title='bbox 1029 471 1132 538; x_wconf 81' lang='lat' dir='ltr'>est3</span> <span class='ocrx_word' id='word_1_28' title='bbox 1189 469 1256 521; x_wconf 87' lang='lat' dir='ltr'>ab</span> <span class='ocrx_word' id='word_1_29' title='bbox 1307 469 1403 521; x_wconf 89' lang='lat' dir='ltr'>illo</span> <span class='ocrx_word' id='word_1_30' title='bbox 1452 486 1578 522; x_wconf 84' lang='lat' dir='ltr'>vero</span> <span class='ocrx_word' id='word_1_31' title='bbox 1626 469 1919 538; x_wconf 86' lang='lat' dir='ltr'>exemplari</span> 
     </span>
     <span class='ocr_line' id='line_1_6' title="bbox 226 542 1918 612; baseline -0.001 -15"><span class='ocrx_word' id='word_1_32' title='bbox 226 562 411 597; x_wconf 91' lang='lat' dir='ltr'>omnes</span> <span class='ocrx_word' id='word_1_33' title='bbox 453 543 687 611; x_wconf 86' lang='lat' dir='ltr'>codices,</span> <span class='ocrx_word' id='word_1_34' title='bbox 727 544 819 611; x_wconf 94' lang='lat' dir='ltr'>qui</span> <span class='ocrx_word' id='word_1_35' title='bbox 859 542 1091 596; x_wconf 73' lang='lat' dir='ltr'>esaeculo</span> <span class='ocrx_word' id='word_1_36' title='bbox 1122 560 1268 595; x_wconf 92' lang='lat' dir='ltr'>nono</span> <span class='ocrx_word' id='word_1_37' title='bbox 1308 545 1363 595; x_wconf 89' lang='lat' dir='ltr'>et</span> <span class='ocrx_word' id='word_1_38' title='bbox 1391 543 1709 612; x_wconf 73' lang='lat' dir='ltr'>insequente</span> <span class='ocrx_word' id='word_1_39' title='bbox 1743 546 1918 596; x_wconf 87' lang='lat' dir='ltr'>aetate</span> 
     </span>
     <span class='ocr_line' id='line_1_7' title="bbox 223 616 1919 687; baseline 0.001 -18"><span class='ocrx_word' id='word_1_40' title='bbox 223 635 320 686; x_wconf 91' lang='lat' dir='ltr'>per</span> <span class='ocrx_word' id='word_1_41' title='bbox 382 616 615 670; x_wconf 83' lang='lat' dir='ltr'>Galliam</span> <span class='ocrx_word' id='word_1_42' title='bbox 678 616 1130 686; x_wconf 85' lang='lat' dir='ltr'>Germaniamque</span> <span class='ocrx_word' id='word_1_43' title='bbox 1187 617 1477 687; x_wconf 87' lang='lat' dir='ltr'>propagari</span> <span class='ocrx_word' id='word_1_44' title='bbox 1531 618 1586 669; x_wconf 90' lang='lat' dir='ltr'>et</span> <span class='ocrx_word' id='word_1_45' title='bbox 1643 617 1703 670; x_wconf 90' lang='lat' dir='ltr'>in</span> <span class='ocrx_word' id='word_1_46' title='bbox 1762 635 1919 670; x_wconf 90' lang='lat' dir='ltr'>usum</span> 
     </span>
     <span class='ocr_line' id='line_1_8' title="bbox 226 689 1917 760; baseline 0.001 -17"><span class='ocrx_word' id='word_1_47' title='bbox 226 691 611 745; x_wconf 91' lang='lat' dir='ltr'>scholasticum</span> <span class='ocrx_word' id='word_1_48' title='bbox 651 691 891 744; x_wconf 85' lang='lat' dir='ltr'>converti</span> <span class='ocrx_word' id='word_1_49' title='bbox 932 691 1108 760; x_wconf 92' lang='lat' dir='ltr'>coepti</span> <span class='ocrx_word' id='word_1_50' title='bbox 1148 689 1309 760; x_wconf 91' lang='lat' dir='ltr'>sunt&#39;,</span> <span class='ocrx_word' id='word_1_51' title='bbox 1356 691 1667 759; x_wconf 86' lang='lat' dir='ltr'>provenisse</span> <span class='ocrx_word' id='word_1_52' title='bbox 1703 708 1917 760; x_wconf 90' lang='lat' dir='ltr'>persua-</span> 
     </span>
     <span class='ocr_line' id='line_1_9' title="bbox 226 763 1920 834; baseline 0 -17"><span class='ocrx_word' id='word_1_53' title='bbox 226 765 348 818; x_wconf 87' lang='lat' dir='ltr'>dere</span> <span class='ocrx_word' id='word_1_54' title='bbox 403 765 537 817; x_wconf 90' lang='lat' dir='ltr'>mihi</span> <span class='ocrx_word' id='word_1_55' title='bbox 574 783 685 818; x_wconf 93' lang='lat' dir='ltr'>non</span> <span class='ocrx_word' id='word_1_56' title='bbox 735 783 972 833; x_wconf 90' lang='lat' dir='ltr'>possum.</span> <span class='ocrx_word' id='word_1_57' title='bbox 1048 763 1482 834; x_wconf 89' lang='lat' dir='ltr'>Diligentissime</span> <span class='ocrx_word' id='word_1_58' title='bbox 1523 764 1824 818; x_wconf 88' lang='lat' dir='ltr'>Achilleida</span> <span class='ocrx_word' id='word_1_59' title='bbox 1862 765 1920 817; x_wconf 94' lang='lat' dir='ltr'>in</span> 
     </span>
    </p>
   </div>
   <div class='ocr_carea' id='block_1_4' title="bbox 227 838 2020 893">
    <p class='ocr_par' dir='ltr' id='par_1_4' title="bbox 227 838 2020 893">
     <span class='ocr_line' id='line_1_10' title="bbox 227 838 2020 893; baseline 0 -2"><span class='ocrx_word' id='word_1_60' title='bbox 227 839 423 893; x_wconf 91' lang='lat' dir='ltr'>scholis</span> <span class='ocrx_word' id='word_1_61' title='bbox 470 839 631 892; x_wconf 88' lang='lat' dir='ltr'>medii</span> <span class='ocrx_word' id='word_1_62' title='bbox 678 840 796 892; x_wconf 86' lang='lat' dir='ltr'>aevi</span> <span class='ocrx_word' id='word_1_63' title='bbox 841 841 1131 892; x_wconf 80' lang='lat' dir='ltr'>tractatam</span> <span class='ocrx_word' id='word_1_64' title='bbox 1190 856 1307 891; x_wconf 92' lang='lat' dir='ltr'>esse</span> <span class='ocrx_word' id='word_1_65' title='bbox 1351 838 1638 893; x_wconf 89' lang='lat' dir='ltr'>notissima</span> <span class='ocrx_word' id='word_1_66' title='bbox 1686 857 1771 892; x_wconf 91' lang='lat' dir='ltr'>res</span> <span class='ocrx_word' id='word_1_67' title='bbox 1822 842 1918 891; x_wconf 91' lang='lat' dir='ltr'>est.</span> <span class='ocrx_word' id='word_1_68' title='bbox 2016 854 2020 874; x_wconf 72' lang='lat'><strong>²</strong></span> 
     </span>
    </p>
   </div>
   <div class='ocr_carea' id='block_1_5' title="bbox 221 911 1918 982">
    <p class='ocr_par' dir='ltr' id='par_1_5' title="bbox 221 911 1918 982">
     <span class='ocr_line' id='line_1_11' title="bbox 221 911 1918 982; baseline -0.001 -16"><span class='ocrx_word' id='word_1_69' title='bbox 221 912 388 966; x_wconf 91' lang='lat' dir='ltr'>Velut</span> <span class='ocrx_word' id='word_1_70' title='bbox 426 911 743 982; x_wconf 74' lang='lat' dir='ltr'>GerbertUS,</span> <span class='ocrx_word' id='word_1_71' title='bbox 782 913 1125 966; x_wconf 89' lang='lat' dir='ltr'>doctissimus</span> <span class='ocrx_word' id='word_1_72' title='bbox 1164 913 1255 965; x_wconf 92' lang='lat' dir='ltr'>ille</span> <span class='ocrx_word' id='word_1_73' title='bbox 1295 913 1579 981; x_wconf 91' lang='lat' dir='ltr'>episcopus</span> <span class='ocrx_word' id='word_1_74' title='bbox 1618 912 1918 981; x_wconf 78' lang='lat' dir='ltr'>RemensiS‚</span> 
     </span>
    </p>
   </div>
   <div class='ocr_carea' id='block_1_6' title="bbox 223 984 2020 1060">
    <p class='ocr_par' dir='ltr' id='par_1_6' title="bbox 223 984 2020 1060">
     <span class='ocr_line' id='line_1_12' title="bbox 223 984 2020 1060; baseline 0 -21"><span class='ocrx_word' id='word_1_75' title='bbox 223 1005 255 1039; x_wconf 93' lang='lat' dir='ltr'>a</span> <span class='ocrx_word' id='word_1_76' title='bbox 293 987 544 1056; x_wconf 85' lang='lat' dir='ltr'>Remigio</span> <span class='ocrx_word' id='word_1_77' title='bbox 585 987 850 1040; x_wconf 91' lang='lat' dir='ltr'>monacho</span> <span class='ocrx_word' id='word_1_78' title='bbox 891 987 1174 1040; x_wconf 86' lang='lat' dir='ltr'>Treverico</span> <span class='ocrx_word' id='word_1_79' title='bbox 1213 1004 1309 1056; x_wconf 90' lang='lat' dir='ltr'>per</span> <span class='ocrx_word' id='word_1_80' title='bbox 1339 987 1524 1040; x_wconf 85' lang='lat' dir='ltr'>literas</span> <span class='ocrx_word' id='word_1_81' title='bbox 1563 987 1757 1056; x_wconf 88' lang='lat' dir='ltr'>petivit</span> <span class='ocrx_word' id='word_1_82' title='bbox 1795 984 1918 1057; x_wconf 87' lang='lat' dir='ltr'>(Ep.</span> <span class='ocrx_word' id='word_1_83' title='bbox 1999 993 2020 1060; x_wconf 60' lang='grc' dir='ltr'>Ἰ.</span> 
     </span>
    </p>
   </div>
   <div class='ocr_carea' id='block_1_7' title="bbox 223 1059 1919 1132">
    <p class='ocr_par' dir='ltr' id='par_1_7' title="bbox 223 1059 1919 1132">
     <span class='ocr_line' id='line_1_13' title="bbox 223 1059 1919 1132; baseline 0 -18"><span class='ocrx_word' id='word_1_84' title='bbox 223 1059 550 1132; x_wconf 82' lang='lat' dir='ltr'>CXXXIV):</span> <span class='ocrx_word' id='word_1_85' title='bbox 607 1059 674 1114; x_wconf 74' lang='lat' dir='ltr'>‘si</span> <span class='ocrx_word' id='word_1_86' title='bbox 705 1065 751 1114; x_wconf 77' lang='lat' dir='ltr'>te</span> <span class='ocrx_word' id='word_1_87' title='bbox 779 1078 906 1114; x_wconf 76' lang='lat' dir='ltr'>cura</span> <span class='ocrx_word' id='word_1_88' title='bbox 936 1065 1205 1114; x_wconf 75' lang='lat' dir='ltr'>tantarum</span> <span class='ocrx_word' id='word_1_89' title='bbox 1235 1061 1422 1114; x_wconf 75' lang='lat' dir='ltr'>detinet</span> <span class='ocrx_word' id='word_1_90' title='bbox 1449 1077 1647 1130; x_wconf 76' lang='lat' dir='ltr'>rerum,</span> <span class='ocrx_word' id='word_1_91' title='bbox 1685 1062 1919 1114; x_wconf 73' lang='lat' dir='ltr'>volumen</span> 
     </span>
    </p>
   </div>
   <div class='ocr_carea' id='block_1_8' title="bbox 219 1133 2020 1426">
    <p class='ocr_par' dir='ltr' id='par_1_8' title="bbox 219 1133 2020 1426">
     <span class='ocr_line' id='line_1_14' title="bbox 219 1133 2020 1211; baseline 0 -23"><span class='ocrx_word' id='word_1_92' title='bbox 219 1135 536 1189; x_wconf 77' lang='lat' dir='ltr'>Achilleidos</span> <span class='ocrx_word' id='word_1_93' title='bbox 596 1133 757 1189; x_wconf 65' lang='lat' dir='ltr'>Statii</span> <span class='ocrx_word' id='word_1_94' title='bbox 812 1135 1080 1203; x_wconf 68' lang='lat' dir='ltr'>diliyenter</span> <span class='ocrx_word' id='word_1_95' title='bbox 1140 1135 1474 1203; x_wconf 30' lang='lat' dir='ltr'>conpositum*</span> <span class='ocrx_word' id='word_1_96' title='bbox 1513 1135 1658 1189; x_wconf 76' lang='lat' dir='ltr'>nobis</span> <span class='ocrx_word' id='word_1_97' title='bbox 1715 1134 1918 1204; x_wconf 73' lang='lat' dir='ltr'>diri96&#39;;</span> <span class='ocrx_word' id='word_1_98' title='bbox 2013 1139 2020 1211; x_wconf 63' lang='grc' dir='ltr'>ξ</span> 
     </span>
     <span class='ocr_line' id='line_1_15' title="bbox 221 1207 2020 1312; baseline 0.001 -50"><span class='ocrx_word' id='word_1_99' title='bbox 221 1209 537 1279; x_wconf 90' lang='lat' dir='ltr'>apographo</span> <span class='ocrx_word' id='word_1_100' title='bbox 578 1212 798 1306; x_wconf 69' lang='lat' dir='ltr'>accepto</span> <span class='ocrx_word' id='word_1_101' title='bbox 839 1209 988 1262; x_wconf 91' lang='lat' dir='ltr'>haud</span> <span class='ocrx_word' id='word_1_102' title='bbox 1026 1209 1106 1262; x_wconf 90' lang='lat' dir='ltr'>ita</span> <span class='ocrx_word' id='word_1_103' title='bbox 1137 1211 1425 1263; x_wconf 89' lang='lat' dir='ltr'>contentus</span> <span class='ocrx_word' id='word_1_104' title='bbox 1464 1209 1745 1294; x_wconf 75' lang='lat' dir='ltr'>rescripsit</span> <span class='ocrx_word' id='word_1_105' title='bbox 1783 1207 1918 1312; x_wconf 41' lang='lat' dir='ltr'>.(Ep.</span> <span class='ocrx_word' id='word_1_106' title='bbox 2016 1215 2020 1273; x_wconf 70' lang='grc' dir='ltr'>ἴ</span> 
     </span>
     <span class='ocr_line' id='line_1_16' title="bbox 221 1281 2020 1426; baseline 0.002 -4"><span class='ocrx_word' id='word_1_107' title='bbox 221 1281 1920 1426; x_wconf 40' lang='lat' dir='ltr'>2552&amp;ssie&amp;Zasswfflfflfflffdefflffltsssssszmiessssssssi</span> <span class='ocrx_word' id='word_1_108' title='bbox 2016 1320 2020 1363; x_wconf 87' lang='lat'>³</span> 
     </span>
    </p>
   </div>
   <div class='ocr_carea' id='block_1_9' title="bbox 215 1429 1971 1722">
    <p class='ocr_par' dir='ltr' id='par_1_9' title="bbox 215 1429 1971 1722">
     <span class='ocr_line' id='line_1_17' title="bbox 218 1429 1918 1502; baseline 0.001 -18"><span class='ocrx_word' id='word_1_109' title='bbox 218 1433 342 1484; x_wconf 77' lang='lat' dir='ltr'>dum</span> <span class='ocrx_word' id='word_1_110' title='bbox 381 1432 643 1500; x_wconf 75' lang='lat' dir='ltr'>exemplar</span> <span class='ocrx_word' id='word_1_111' title='bbox 681 1430 894 1497; x_wconf 75' lang='lat' dir='ltr'>defecit&#39;.</span> <span class='ocrx_word' id='word_1_112' title='bbox 973 1429 1078 1502; x_wconf 81' lang='lat' dir='ltr'>(Of.</span> <span class='ocrx_word' id='word_1_113' title='bbox 1127 1430 1188 1484; x_wconf 92' lang='grc' dir='ltr'>Ο.</span> <span class='ocrx_word' id='word_1_114' title='bbox 1226 1430 1476 1484; x_wconf 87' lang='lat' dir='ltr'>Muelleri</span> <span class='ocrx_word' id='word_1_115' title='bbox 1527 1434 1756 1501; x_wconf 87' lang='lat' dir='ltr'>quaestt.</span> <span class='ocrx_word' id='word_1_116' title='bbox 1793 1450 1844 1500; x_wconf 92' lang='lat' dir='ltr'>p.</span> <span class='ocrx_word' id='word_1_117' title='bbox 1885 1433 1918 1485; x_wconf 84' lang='lat'>8</span> 
     </span>
     <span class='ocr_line' id='line_1_18' title="bbox 217 1503 1971 1575; baseline 0 -17"><span class='ocrx_word' id='word_1_118' title='bbox 217 1510 319 1559; x_wconf 71' lang='lat' dir='ltr'>not.</span> <span class='ocrx_word' id='word_1_119' title='bbox 359 1506 515 1558; x_wconf 89' lang='lat' dir='ltr'>Aem.</span> <span class='ocrx_word' id='word_1_120' title='bbox 557 1505 765 1559; x_wconf 89' lang='lat' dir='ltr'>Grossii</span> <span class='ocrx_word' id='word_1_121' title='bbox 801 1522 983 1575; x_wconf 86' lang='lat' dir='ltr'>progr.</span> <span class='ocrx_word' id='word_1_122' title='bbox 1033 1503 1168 1559; x_wconf 84' lang='lat' dir='ltr'>Coll.</span> <span class='ocrx_word' id='word_1_123' title='bbox 1214 1503 1466 1558; x_wconf 85' lang='lat' dir='ltr'>Frideric.</span> <span class='ocrx_word' id='word_1_124' title='bbox 1513 1503 1725 1575; x_wconf 88' lang='lat' dir='ltr'>Regim.</span> <span class='ocrx_word' id='word_1_125' title='bbox 1776 1505 1917 1559; x_wconf 85' lang='grc'>1866</span> <span class='ocrx_word' id='word_1_126' title='bbox 1963 1523 1971 1526; x_wconf 89' lang='grc'><em>·</em></span> 
     </span>
     <span class='ocr_line' id='line_1_19' title="bbox 215 1577 1920 1650; baseline 0.001 -19"><span class='ocrx_word' id='word_1_127' title='bbox 215 1598 267 1648; x_wconf 92' lang='lat' dir='ltr'>p.</span> <span class='ocrx_word' id='word_1_128' title='bbox 336 1577 405 1650; x_wconf 89' lang='lat'>1.)</span> <span class='ocrx_word' id='word_1_129' title='bbox 508 1578 850 1647; x_wconf 89' lang='lat' dir='ltr'>Gerbertum,</span> <span class='ocrx_word' id='word_1_130' title='bbox 914 1596 1020 1648; x_wconf 89' lang='lat' dir='ltr'>quo</span> <span class='ocrx_word' id='word_1_131' title='bbox 1081 1581 1325 1647; x_wconf 89' lang='lat' dir='ltr'>tempore</span> <span class='ocrx_word' id='word_1_132' title='bbox 1383 1578 1601 1631; x_wconf 90' lang='lat' dir='ltr'>scholae</span> <span class='ocrx_word' id='word_1_133' title='bbox 1662 1579 1920 1633; x_wconf 84' lang='lat' dir='ltr'>Remensi</span> 
     </span>
     <span class='ocr_line' id='line_1_20' title="bbox 215 1651 1918 1722; baseline 0.001 -17"><span class='ocrx_word' id='word_1_134' title='bbox 215 1655 486 1722; x_wconf 80' lang='lat' dir='ltr'>praeerat,</span> <span class='ocrx_word' id='word_1_135' title='bbox 526 1671 647 1706; x_wconf 92' lang='lat' dir='ltr'>cum</span> <span class='ocrx_word' id='word_1_136' title='bbox 688 1652 1023 1706; x_wconf 88' lang='lat' dir='ltr'>scholaribus</span> <span class='ocrx_word' id='word_1_137' title='bbox 1059 1651 1297 1706; x_wconf 83' lang='lat' dir='ltr'>Statium</span> <span class='ocrx_word' id='word_1_138' title='bbox 1326 1652 1524 1722; x_wconf 85' lang='lat' dir='ltr'>legisse</span> <span class='ocrx_word' id='word_1_139' title='bbox 1564 1654 1620 1705; x_wconf 90' lang='lat' dir='ltr'>et</span> <span class='ocrx_word' id='word_1_140' title='bbox 1655 1656 1918 1707; x_wconf 85' lang='lat' dir='ltr'>tractasse</span> 
     </span>
    </p>
   </div>
   <div class='ocr_carea' id='block_1_10' title="bbox 217 1723 1918 1798">
    <p class='ocr_par' dir='ltr' id='par_1_10' title="bbox 217 1723 1918 1798">
     <span class='ocr_line' id='line_1_21' title="bbox 217 1723 1918 1798; baseline 0 -18"><span class='ocrx_word' id='word_1_141' title='bbox 217 1730 451 1780; x_wconf 91' lang='lat' dir='ltr'>testatur</span> <span class='ocrx_word' id='word_1_142' title='bbox 494 1726 756 1780; x_wconf 85' lang='lat' dir='ltr'>Richerus</span> <span class='ocrx_word' id='word_1_143' title='bbox 795 1726 938 1779; x_wconf 85' lang='lat' dir='ltr'>Hist.</span> <span class='ocrx_word' id='word_1_144' title='bbox 977 1725 1061 1778; x_wconf 94' lang='grc' dir='ltr'>ΙΠ</span> <span class='ocrx_word' id='word_1_145' title='bbox 1098 1727 1169 1780; x_wconf 87' lang='grc'>47</span> <span class='ocrx_word' id='word_1_146' title='bbox 1212 1724 1382 1796; x_wconf 79' lang='lat' dir='ltr'>(Mon.</span> <span class='ocrx_word' id='word_1_147' title='bbox 1423 1723 1516 1779; x_wconf 78' lang='lat' dir='ltr'>SS.</span> <span class='ocrx_word' id='word_1_148' title='bbox 1556 1725 1641 1779; x_wconf 93' lang='lat' dir='ltr'>III</span> <span class='ocrx_word' id='word_1_149' title='bbox 1678 1746 1729 1796; x_wconf 91' lang='lat' dir='ltr'>p.</span> <span class='ocrx_word' id='word_1_150' title='bbox 1770 1728 1918 1798; x_wconf 82' lang='lat'>617).</span> 
     </span>
    </p>
   </div>
   <div class='ocr_carea' id='block_1_11' title="bbox 215 1799 2020 2006">
    <p class='ocr_par' dir='ltr' id='par_1_11' title="bbox 215 1799 2020 2006">
     <span class='ocr_line' id='line_1_22' title="bbox 215 1799 2020 1870; baseline 0 -16"><span class='ocrx_word' id='word_1_151' title='bbox 215 1800 283 1854; x_wconf 93' lang='lat' dir='ltr'>In</span> <span class='ocrx_word' id='word_1_152' title='bbox 315 1800 632 1854; x_wconf 84' lang='lat' dir='ltr'>Germaniae</span> <span class='ocrx_word' id='word_1_153' title='bbox 658 1800 1101 1870; x_wconf 88' lang='lat' dir='ltr'>septentrionalis</span> <span class='ocrx_word' id='word_1_154' title='bbox 1128 1817 1340 1870; x_wconf 91' lang='lat' dir='ltr'>quoque</span> <span class='ocrx_word' id='word_1_155' title='bbox 1380 1800 1583 1853; x_wconf 91' lang='lat' dir='ltr'>scholis</span> <span class='ocrx_word' id='word_1_156' title='bbox 1610 1799 1920 1854; x_wconf 90' lang='lat' dir='ltr'>Achilleida</span> <span class='ocrx_word' id='word_1_157' title='bbox 2007 1819 2020 1866; x_wconf 63' lang='grc' dir='ltr'>Γ,</span> 
     </span>
     <span class='ocr_line' id='line_1_23' title="bbox 218 1870 2015 1944; baseline 0.001 -17"><span class='ocrx_word' id='word_1_158' title='bbox 218 1875 519 1928; x_wconf 87' lang='lat' dir='ltr'>lectitatam</span> <span class='ocrx_word' id='word_1_159' title='bbox 558 1893 675 1928; x_wconf 89' lang='lat' dir='ltr'>esse</span> <span class='ocrx_word' id='word_1_160' title='bbox 715 1874 857 1927; x_wconf 88' lang='lat' dir='ltr'>effici</span> <span class='ocrx_word' id='word_1_161' title='bbox 897 1875 1123 1944; x_wconf 88' lang='lat' dir='ltr'>cogique</span> <span class='ocrx_word' id='word_1_162' title='bbox 1162 1876 1348 1943; x_wconf 86' lang='lat' dir='ltr'>potest</span> <span class='ocrx_word' id='word_1_163' title='bbox 1379 1892 1443 1927; x_wconf 88' lang='lat' dir='ltr'>ex</span> <span class='ocrx_word' id='word_1_164' title='bbox 1481 1874 1559 1927; x_wconf 89' lang='lat' dir='ltr'>eis</span> <span class='ocrx_word' id='word_1_165' title='bbox 1594 1893 1729 1944; x_wconf 92' lang='lat' dir='ltr'>quae</span> <span class='ocrx_word' id='word_1_166' title='bbox 1767 1877 1823 1928; x_wconf 89' lang='lat' dir='ltr'>et</span> <span class='ocrx_word' id='word_1_167' title='bbox 1854 1876 1918 1928; x_wconf 88' lang='lat' dir='ltr'>de</span> <span class='ocrx_word' id='word_1_168' title='bbox 2001 1870 2015 1939; x_wconf 67' lang='lat'>{3</span> 
     </span>
     <span class='ocr_line' id='line_1_24' title="bbox 221 1946 2008 2006; baseline 0.002 -4"><span class='ocrx_word' id='word_1_169' title='bbox 221 1949 410 2002; x_wconf 89' lang='lat' dir='ltr'>schola</span> <span class='ocrx_word' id='word_1_170' title='bbox 447 1948 879 2002; x_wconf 87' lang='lat' dir='ltr'>Paderbornensi</span> <span class='ocrx_word' id='word_1_171' title='bbox 914 1966 1049 2002; x_wconf 88' lang='lat' dir='ltr'>saec.</span> <span class='ocrx_word' id='word_1_172' title='bbox 1080 1948 1349 2002; x_wconf 87' lang='lat' dir='ltr'>undecimi</span> <span class='ocrx_word' id='word_1_173' title='bbox 1386 1949 1445 2000; x_wconf 92' lang='lat' dir='ltr'>in</span> <span class='ocrx_word' id='word_1_174' title='bbox 1474 1948 1587 2002; x_wconf 86' lang='lat' dir='ltr'>vita</span> <span class='ocrx_word' id='word_1_175' title='bbox 1609 1948 1920 2002; x_wconf 87' lang='lat' dir='ltr'>Meinwerci</span> <span class='ocrx_word' id='word_1_176' title='bbox 1998 1946 2008 2006; x_wconf 50' lang='lat'>⁴.</span> 
     </span>
    </p>
   </div>
   <div class='ocr_carea' id='block_1_12' title="bbox 219 2020 1919 2387">
    <p class='ocr_par' dir='ltr' id='par_1_12' title="bbox 219 2020 1919 2241">
     <span class='ocr_line' id='line_1_25' title="bbox 220 2020 1919 2094; baseline 0.001 -19"><span class='ocrx_word' id='word_1_177' title='bbox 220 2023 455 2092; x_wconf 88' lang='lat' dir='ltr'>episcopi</span> <span class='ocrx_word' id='word_1_178' title='bbox 509 2023 617 2076; x_wconf 87' lang='grc'>160</span> <span class='ocrx_word' id='word_1_179' title='bbox 671 2020 841 2094; x_wconf 89' lang='lat' dir='ltr'>(Mon.</span> <span class='ocrx_word' id='word_1_180' title='bbox 893 2020 985 2076; x_wconf 81' lang='lat' dir='ltr'>SS.</span> <span class='ocrx_word' id='word_1_181' title='bbox 1035 2022 1114 2075; x_wconf 90' lang='lat' dir='ltr'>XI</span> <span class='ocrx_word' id='word_1_182' title='bbox 1165 2041 1218 2092; x_wconf 93' lang='lat' dir='ltr'>p.</span> <span class='ocrx_word' id='word_1_183' title='bbox 1262 2021 1417 2093; x_wconf 88' lang='lat'>140),</span> <span class='ocrx_word' id='word_1_184' title='bbox 1471 2024 1526 2075; x_wconf 91' lang='lat' dir='ltr'>et</span> <span class='ocrx_word' id='word_1_185' title='bbox 1576 2022 1640 2076; x_wconf 91' lang='lat' dir='ltr'>de</span> <span class='ocrx_word' id='word_1_186' title='bbox 1688 2023 1919 2092; x_wconf 91' lang='lat' dir='ltr'>pueritia</span> 
     </span>
     <span class='ocr_line' id='line_1_26' title="bbox 219 2094 1917 2151; baseline -0.001 -1"><span class='ocrx_word' id='word_1_187' title='bbox 219 2096 452 2150; x_wconf 88' lang='lat' dir='ltr'>Vicelini</span> <span class='ocrx_word' id='word_1_188' title='bbox 496 2097 784 2150; x_wconf 90' lang='lat' dir='ltr'>traduntur</span> <span class='ocrx_word' id='word_1_189' title='bbox 828 2097 886 2149; x_wconf 93' lang='lat' dir='ltr'>in</span> <span class='ocrx_word' id='word_1_190' title='bbox 933 2095 1209 2150; x_wconf 89' lang='lat' dir='ltr'>Helmoldi</span> <span class='ocrx_word' id='word_1_191' title='bbox 1262 2095 1520 2150; x_wconf 88' lang='lat' dir='ltr'>chronico</span> <span class='ocrx_word' id='word_1_192' title='bbox 1568 2094 1853 2151; x_wconf 84' lang='lat' dir='ltr'>Slavorum</span> <span class='ocrx_word' id='word_1_193' title='bbox 1890 2097 1917 2149; x_wconf 95' lang='lat' dir='ltr'>I</span> 
     </span>
     <span class='ocr_line' id='line_1_27' title="bbox 219 2168 1154 2241; baseline -0.001 -17"><span class='ocrx_word' id='word_1_194' title='bbox 219 2172 291 2224; x_wconf 78' lang='lat'>42</span> <span class='ocrx_word' id='word_1_195' title='bbox 332 2169 499 2241; x_wconf 86' lang='lat' dir='ltr'>(Mon.</span> <span class='ocrx_word' id='word_1_196' title='bbox 540 2169 631 2224; x_wconf 81' lang='lat' dir='ltr'>SS.</span> <span class='ocrx_word' id='word_1_197' title='bbox 669 2170 798 2223; x_wconf 90' lang='lat' dir='ltr'>XXI</span> <span class='ocrx_word' id='word_1_198' title='bbox 835 2189 889 2239; x_wconf 92' lang='lat' dir='ltr'>p.</span> <span class='ocrx_word' id='word_1_199' title='bbox 926 2171 1000 2223; x_wconf 85' lang='lat'>44</span> <span class='ocrx_word' id='word_1_200' title='bbox 1039 2168 1154 2241; x_wconf 75' lang='lat' dir='ltr'>sq).</span> 
     </span>
    </p>

    <p class='ocr_par' dir='ltr' id='par_1_13' title="bbox 219 2242 1918 2387">
     <span class='ocr_line' id='line_1_28' title="bbox 367 2242 1918 2314; baseline 0 -16"><span class='ocrx_word' id='word_1_201' title='bbox 367 2244 483 2298; x_wconf 91' lang='lat' dir='ltr'>Nec</span> <span class='ocrx_word' id='word_1_202' title='bbox 521 2244 579 2296; x_wconf 94' lang='lat' dir='ltr'>in</span> <span class='ocrx_word' id='word_1_203' title='bbox 616 2244 902 2297; x_wconf 90' lang='lat' dir='ltr'>Britannia</span> <span class='ocrx_word' id='word_1_204' title='bbox 938 2247 1130 2313; x_wconf 88' lang='lat' dir='ltr'>postea</span> <span class='ocrx_word' id='word_1_205' title='bbox 1169 2242 1373 2296; x_wconf 84' lang='lat' dir='ltr'>Statius</span> <span class='ocrx_word' id='word_1_206' title='bbox 1425 2244 1535 2314; x_wconf 88' lang='lat' dir='ltr'>legi</span> <span class='ocrx_word' id='word_1_207' title='bbox 1581 2244 1783 2298; x_wconf 87' lang='lat' dir='ltr'>desitus</span> <span class='ocrx_word' id='word_1_208' title='bbox 1823 2248 1918 2314; x_wconf 85' lang='lat' dir='ltr'>est,</span> 
     </span>
     <span class='ocr_line' id='line_1_29' title="bbox 219 2317 1916 2387; baseline 0.001 -16"><span class='ocrx_word' id='word_1_209' title='bbox 219 2337 339 2371; x_wconf 90' lang='lat' dir='ltr'>cum</span> <span class='ocrx_word' id='word_1_210' title='bbox 386 2318 648 2372; x_wconf 91' lang='lat' dir='ltr'>Achilleis</span> <span class='ocrx_word' id='word_1_211' title='bbox 694 2320 753 2371; x_wconf 94' lang='lat' dir='ltr'>in</span> <span class='ocrx_word' id='word_1_212' title='bbox 808 2318 1114 2387; x_wconf 85' lang='lat' dir='ltr'>praecipuis</span> <span class='ocrx_word' id='word_1_213' title='bbox 1171 2317 1416 2371; x_wconf 86' lang='lat' dir='ltr'>fontibus</span> <span class='ocrx_word' id='word_1_214' title='bbox 1470 2318 1612 2370; x_wconf 91' lang='lat' dir='ltr'>illius</span> <span class='ocrx_word' id='word_1_215' title='bbox 1664 2320 1916 2372; x_wconf 89' lang='lat' dir='ltr'>carminis</span> 
     </span>
    </p>
   </div>
   <div class='ocr_carea' id='block_1_13' title="bbox 217 2391 2020 2611">
    <p class='ocr_par' dir='ltr' id='par_1_14' title="bbox 217 2391 2020 2611">
     <span class='ocr_line' id='line_1_30' title="bbox 217 2391 2020 2462; baseline 0.001 -18"><span class='ocrx_word' id='word_1_216' title='bbox 217 2392 553 2445; x_wconf 89' lang='lat' dir='ltr'>numeranda</span> <span class='ocrx_word' id='word_1_217' title='bbox 605 2393 698 2462; x_wconf 85' lang='lat' dir='ltr'>sit,</span> <span class='ocrx_word' id='word_1_218' title='bbox 762 2392 907 2461; x_wconf 91' lang='lat' dir='ltr'>quod</span> <span class='ocrx_word' id='word_1_219' title='bbox 967 2409 1103 2445; x_wconf 90' lang='lat' dir='ltr'>saec.</span> <span class='ocrx_word' id='word_1_220' title='bbox 1167 2391 1482 2445; x_wconf 88' lang='lat' dir='ltr'>duodecimo</span> <span class='ocrx_word' id='word_1_221' title='bbox 1545 2395 1770 2445; x_wconf 86' lang='lat' dir='ltr'>exeunte</span> <span class='ocrx_word' id='word_1_222' title='bbox 1830 2394 1916 2446; x_wconf 86' lang='lat' dir='ltr'>vel</span> <span class='ocrx_word' id='word_1_223' title='bbox 2016 2431 2020 2458; x_wconf 86' lang='lat'>.:</span> 
     </span>
     <span class='ocr_line' id='line_1_31' title="bbox 217 2464 2020 2535; baseline 0.001 -16"><span class='ocrx_word' id='word_1_224' title='bbox 217 2467 439 2519; x_wconf 85' lang='lat' dir='ltr'>ineunte</span> <span class='ocrx_word' id='word_1_225' title='bbox 500 2466 663 2520; x_wconf 90' lang='lat' dir='ltr'>tertio</span> <span class='ocrx_word' id='word_1_226' title='bbox 723 2465 928 2519; x_wconf 87' lang='lat' dir='ltr'>decimo</span> <span class='ocrx_word' id='word_1_227' title='bbox 993 2465 1254 2534; x_wconf 86' lang='lat' dir='ltr'>Iosephus</span> <span class='ocrx_word' id='word_1_228' title='bbox 1312 2464 1556 2535; x_wconf 88' lang='lat' dir='ltr'>Iscanus,</span> <span class='ocrx_word' id='word_1_229' title='bbox 1617 2467 1915 2520; x_wconf 89' lang='lat' dir='ltr'>monachus</span> <span class='ocrx_word' id='word_1_230' title='bbox 2019 2468 2020 2472; x_wconf 69' lang='grc'>’</span> 
     </span>
     <span class='ocr_line' id='line_1_32' title="bbox 217 2538 2011 2611; baseline 0.001 -19"><span class='ocrx_word' id='word_1_231' title='bbox 217 2539 592 2610; x_wconf 78' lang='lat' dir='ltr'>BritannicUS,</span> <span class='ocrx_word' id='word_1_232' title='bbox 640 2541 704 2594; x_wconf 87' lang='lat' dir='ltr'>de</span> <span class='ocrx_word' id='word_1_233' title='bbox 742 2540 884 2593; x_wconf 92' lang='lat' dir='ltr'>bello</span> <span class='ocrx_word' id='word_1_234' title='bbox 932 2538 1170 2593; x_wconf 88' lang='lat' dir='ltr'>Troiano</span> <span class='ocrx_word' id='word_1_235' title='bbox 1217 2540 1521 2608; x_wconf 89' lang='lat' dir='ltr'>composuit</span> <span class='ocrx_word' id='word_1_236' title='bbox 1558 2539 1711 2593; x_wconf 91' lang='lat' dir='ltr'>libris</span> <span class='ocrx_word' id='word_1_237' title='bbox 1753 2559 1860 2594; x_wconf 81' lang='lat' dir='ltr'>sex,</span> <span class='ocrx_word' id='word_1_238' title='bbox 1873 2539 1914 2611; x_wconf 92' lang='lat'>1)</span> <span class='ocrx_word' id='word_1_239' title='bbox 1997 2559 2011 2570; x_wconf 45' lang='lat'>²*</span> 
     </span>
    </p>
   </div>
   <div class='ocr_carea' id='block_1_14' title="bbox 430 2639 577 2643">
    <p class='ocr_par' dir='ltr' id='par_1_15' title="bbox 430 2639 577 2643">
     <span class='ocr_line' id='line_1_33' title="bbox 430 2639 577 2643; baseline 0 0"><span class='ocrx_word' id='word_1_240' title='bbox 430 2639 577 2643; x_wconf 95' lang='lat' dir='ltr'> </span> 
     </span>
    </p>
   </div>
   <div class='ocr_carea' id='block_1_15' title="bbox 222 2669 1916 2787">
    <p class='ocr_par' dir='ltr' id='par_1_16' title="bbox 222 2669 1916 2787">
     <span class='ocr_line' id='line_1_34' title="bbox 341 2669 1916 2728; baseline -0.001 -13"><span class='ocrx_word' id='word_1_241' title='bbox 341 2673 384 2727; x_wconf 90' lang='lat'>1)</span> <span class='ocrx_word' id='word_1_242' title='bbox 419 2670 534 2716; x_wconf 88' lang='lat' dir='ltr'>Cum</span> <span class='ocrx_word' id='word_1_243' title='bbox 566 2669 651 2715; x_wconf 88' lang='lat' dir='ltr'>alii</span> <span class='ocrx_word' id='word_1_244' title='bbox 680 2672 783 2715; x_wconf 90' lang='lat' dir='ltr'>tum</span> <span class='ocrx_word' id='word_1_245' title='bbox 814 2669 865 2715; x_wconf 90' lang='lat' dir='ltr'>hi</span> <span class='ocrx_word' id='word_1_246' title='bbox 896 2669 1019 2715; x_wconf 86' lang='lat' dir='ltr'>inter</span> <span class='ocrx_word' id='word_1_247' title='bbox 1050 2684 1099 2714; x_wconf 88' lang='lat' dir='ltr'>se</span> <span class='ocrx_word' id='word_1_248' title='bbox 1133 2670 1435 2728; x_wconf 88' lang='lat' dir='ltr'>comparandi</span> <span class='ocrx_word' id='word_1_249' title='bbox 1466 2672 1573 2715; x_wconf 85' lang='lat' dir='ltr'>sunt</span> <span class='ocrx_word' id='word_1_250' title='bbox 1602 2669 1715 2716; x_wconf 90' lang='lat' dir='ltr'>loci:</span> <span class='ocrx_word' id='word_1_251' title='bbox 1754 2671 1839 2716; x_wconf 88' lang='lat' dir='ltr'>Isc.</span> <span class='ocrx_word' id='word_1_252' title='bbox 1873 2671 1916 2714; x_wconf 91' lang='lat' dir='ltr'>II</span> 
     </span>
     <span class='ocr_line' id='line_1_35' title="bbox 222 2729 1912 2787; baseline -0.001 -13"><span class='ocrx_word' id='word_1_253' title='bbox 222 2735 304 2774; x_wconf 94' lang='grc'>171</span> <span class='ocrx_word' id='word_1_254' title='bbox 338 2744 445 2774; x_wconf 91' lang='lat' dir='ltr'>cum</span> <span class='ocrx_word' id='word_1_255' title='bbox 475 2730 589 2777; x_wconf 88' lang='lat' dir='ltr'>Ach.</span> <span class='ocrx_word' id='word_1_256' title='bbox 630 2731 652 2774; x_wconf 99' lang='grc' dir='ltr'>Ι</span> <span class='ocrx_word' id='word_1_257' title='bbox 693 2735 794 2787; x_wconf 88' lang='grc'>141,</span> <span class='ocrx_word' id='word_1_258' title='bbox 832 2730 918 2774; x_wconf 88' lang='lat' dir='ltr'>Isc.</span> <span class='ocrx_word' id='word_1_259' title='bbox 954 2729 1015 2774; x_wconf 91' lang='lat' dir='ltr'>VI</span> <span class='ocrx_word' id='word_1_260' title='bbox 1054 2734 1140 2775; x_wconf 85' lang='lat'>483</span> <span class='ocrx_word' id='word_1_261' title='bbox 1180 2745 1279 2786; x_wconf 87' lang='lat' dir='ltr'>sqq.</span> <span class='ocrx_word' id='word_1_262' title='bbox 1320 2744 1426 2775; x_wconf 88' lang='lat' dir='ltr'>cum</span> <span class='ocrx_word' id='word_1_263' title='bbox 1463 2730 1577 2775; x_wconf 88' lang='lat' dir='ltr'>Ach.</span> <span class='ocrx_word' id='word_1_264' title='bbox 1617 2730 1638 2773; x_wconf 94' lang='lat' dir='ltr'>I</span> <span class='ocrx_word' id='word_1_265' title='bbox 1678 2734 1763 2775; x_wconf 89' lang='grc'>677</span> <span class='ocrx_word' id='word_1_266' title='bbox 1797 2745 1912 2786; x_wconf 65' lang='lat' dir='ltr'>sqq„</span> 
     </span>
    </p>
   </div>
   <div class='ocr_carea' id='block_1_16' title="bbox 218 2788 2007 2845">
    <p class='ocr_par' dir='ltr' id='par_1_17' title="bbox 218 2788 2007 2845">
     <span class='ocr_line' id='line_1_36' title="bbox 218 2788 2007 2845; baseline 0.002 -13"><span class='ocrx_word' id='word_1_267' title='bbox 218 2789 303 2833; x_wconf 86' lang='lat' dir='ltr'>Iso.</span> <span class='ocrx_word' id='word_1_268' title='bbox 336 2790 380 2832; x_wconf 93' lang='grc' dir='ltr'>Π</span> <span class='ocrx_word' id='word_1_269' title='bbox 411 2794 467 2834; x_wconf 89' lang='grc'>87</span> <span class='ocrx_word' id='word_1_270' title='bbox 509 2803 614 2834; x_wconf 89' lang='lat' dir='ltr'>cum</span> <span class='ocrx_word' id='word_1_271' title='bbox 653 2789 767 2834; x_wconf 88' lang='lat' dir='ltr'>Ach.</span> <span class='ocrx_word' id='word_1_272' title='bbox 801 2789 824 2832; x_wconf 94' lang='lat' dir='ltr'>I</span> <span class='ocrx_word' id='word_1_273' title='bbox 857 2793 956 2844; x_wconf 87' lang='grc'>774,</span> <span class='ocrx_word' id='word_1_274' title='bbox 996 2788 1082 2833; x_wconf 85' lang='lat' dir='ltr'>Iso.</span> <span class='ocrx_word' id='word_1_275' title='bbox 1121 2789 1166 2832; x_wconf 88' lang='lat' dir='ltr'>H</span> <span class='ocrx_word' id='word_1_276' title='bbox 1204 2794 1291 2834; x_wconf 80' lang='lat'>277</span> <span class='ocrx_word' id='word_1_277' title='bbox 1325 2804 1429 2834; x_wconf 90' lang='lat' dir='ltr'>cum</span> <span class='ocrx_word' id='word_1_278' title='bbox 1470 2789 1584 2835; x_wconf 89' lang='lat' dir='ltr'>Ach.</span> <span class='ocrx_word' id='word_1_279' title='bbox 1625 2790 1669 2833; x_wconf 94' lang='lat' dir='ltr'>II</span> <span class='ocrx_word' id='word_1_280' title='bbox 1708 2794 1790 2845; x_wconf 83' lang='lat'>51,</span> <span class='ocrx_word' id='word_1_281' title='bbox 1829 2789 1914 2833; x_wconf 79' lang='lat' dir='ltr'>Iso.</span> <span class='ocrx_word' id='word_1_282' title='bbox 2005 2830 2007 2835; x_wconf 20' lang='grc' dir='ltr'><em>Α</em></span> 
     </span>
    </p>
   </div>
   <div class='ocr_carea' id='block_1_17' title="bbox 218 2847 873 2894">
    <p class='ocr_par' dir='ltr' id='par_1_18' title="bbox 218 2847 873 2894">
     <span class='ocr_line' id='line_1_37' title="bbox 218 2847 873 2894; baseline 0 -1"><span class='ocrx_word' id='word_1_283' title='bbox 218 2847 262 2893; x_wconf 90' lang='lat' dir='ltr'><strong>V</strong></span> <span class='ocrx_word' id='word_1_284' title='bbox 293 2853 380 2893; x_wconf 90' lang='grc'>466</span> <span class='ocrx_word' id='word_1_285' title='bbox 413 2862 518 2893; x_wconf 89' lang='lat' dir='ltr'>cum</span> <span class='ocrx_word' id='word_1_286' title='bbox 551 2849 665 2894; x_wconf 87' lang='lat' dir='ltr'>Ach.</span> <span class='ocrx_word' id='word_1_287' title='bbox 697 2849 741 2892; x_wconf 93' lang='lat' dir='ltr'>II</span> <span class='ocrx_word' id='word_1_288' title='bbox 774 2853 873 2893; x_wconf 88' lang='lat'>133.</span> 
     </span>
    </p>
   </div>
  </div>
 </body>
</html>
