2020 3106
682 116 1088 164 ACHILLEIDOS
1119 117 1170 162 L,
1203 116 1237 161 Ι.
1729 112 1799 163 2Ἱ

108 241 291 295 Turba
329 239 461 308 coit,
499 237 798 308 blandeque
836 256 1005 291 novas
1043 237 1121 291 nil
1159 237 1268 290 tale
1307 235 1523 289 timenti

111 314 378 369 Admovet
413 312 661 367 insidias.
702 312 853 365 illam
893 312 1239 381 sequiturque
1278 310 1584 379 premitque

110 388 230 459 Imp
226 388 421 456 robus,
467 386 622 440 illam
670 386 839 466 oculis
879 386 1182 455 iterumque
1221 385 1524 454 iterumque
1563 381 1803 435 resumit.

107 461 265 517 Nunc
302 460 501 515 nimius
541 460 701 513 lateri
738 456 850 513 non
889 459 1145 512 evitantis
1185 458 1451 526 inhaeret,
1716 468 1804 509 570

108 535 264 592 Nunc
303 534 513 589 levibus
554 533 736 603 sertiS,
774 533 942 603 lapsis
982 551 1124 586 nunc
1164 535 1356 602 sponte
1396 530 1652 585 canistris

109 609 267 664 Nunc
303 609 496 678 thyrso
536 610 789 677 parcente
829 607 979 675 ferit3
1021 607 1180 660 modo
1222 605 1398 659 dulcia
1437 608 1600 659 notae

109 682 228 738 Fila
264 683 416 752 lyrae
454 685 751 751 tenuesque
789 681 978 734 modos
1019 684 1074 733 et
1111 680 1354 733 carmina
1393 680 1664 733 monstrat

115 755 365 812 Chironis
405 755 655 824 ducitque
694 774 915 808 manum
956 754 1261 824 digitosque
1303 754 1521 806 sonanti

110 830 368 901 Infringit
406 829 670 899 citharae,
709 847 853 882 nunc
894 833 1123 897 occupat
1163 847 1259 881 ora
1297 828 1543 880 canentis
1718 837 1804 878 575

110 905 186 960 Et
223 904 362 975 ligat
401 902 682 972 amplexus
722 906 777 955 et
814 903 960 955 mille
1000 921 1096 971 per
1135 902 1321 955 oscula
1360 901 1559 954 laudat.

113 978 215 1033 Illa
252 978 425 1032 libens
465 977 645 1046 discit,
685 995 790 1046 quo
831 977 1031 1029 vertice
1071 976 1283 1044 Pelion,
1323 978 1379 1029 et
1418 976 1537 1043 quis

112 1051 395 1121 AeacideS,
435 1051 694 1121 puerique
734 1050 976 1103 auditum
1016 1068 1214 1103 nomen
1255 1053 1309 1102 et
1349 1052 1501 1102 actus

112 1125 351 1181 Adsidue
391 1127 576 1194 stupet
614 1127 668 1177 et
708 1127 1046 1193 praesentem
1087 1126 1271 1176 cantat
1310 1121 1597 1175 Achillem.

109 1200 237 1271 Ipsa
275 1217 488 1270 quoque
528 1202 583 1251 et
618 1198 830 1252 validos
870 1198 1110 1267 proferre
1151 1197 1449 1251 modestius
1489 1200 1642 1250 artus
1721 1208 1807 1248 580

103 1274 187 1331 Et
225 1277 448 1327 tenuare
485 1271 643 1324 rudes
684 1272 876 1325 attrito
915 1271 1115 1340 pollice
1154 1271 1308 1324 lanas

111 1348 467 1402 Demonstrat
504 1346 780 1415 reficitque
822 1346 969 1400 colus
1010 1348 1064 1398 et
1101 1345 1312 1414 perdita
1352 1344 1487 1397 dura

115 1421 292 1476 Pensa
330 1438 515 1489 manu3
554 1420 807 1489 vocisque
848 1438 1041 1473 sonum
1081 1419 1395 1487 pondusque
1436 1417 1697 1486 tenentis,

118 1494 377 1565 Quodque
415 1493 557 1564 fugit
597 1494 846 1562 comiteS,
885 1493 1054 1547 nimio
1095 1493 1237 1562 quod
1277 1492 1480 1544 lumine
1521 1509 1638 1545 sese

113 1568 277 1639 Figat
315 1571 370 1621 et
404 1568 463 1622 in
501 1568 680 1621 verbis
720 1567 1135 1636 intempestivus
1177 1566 1420 1634 anhelet,
1723 1577 1810 1617 585

115 1641 367 1696 Miratur:
405 1642 516 1695 iam
553 1642 766 1711 iamque
806 1642 960 1696 dolos
1001 1641 1208 1710 aperire
1248 1643 1534 1710 parantem

117 1716 381 1787 Virginea
417 1715 642 1769 levitate
679 1715 826 1787 fugit
863 1715 1221 1785 prohibetque
1262 1715 1436 1767 fateri.

119 1788 209 1844 Sic
246 1789 345 1843 sub
383 1791 556 1843 matre
592 1788 748 1843 Rhea
785 1790 995 1843 iuvenis
1035 1793 1293 1859 regnator
1331 1787 1550 1858 Olympi

120 1862 316 1916 Oscula
356 1880 572 1916 securae
610 1863 776 1916 dabat
813 1864 1075 1916 insidiosa
1114 1863 1290 1916 sorori

119 1935 309 1989 Frater
349 1934 541 2005 adhuc,
579 1937 744 1989 medii
782 1937 951 1990 donec
989 1938 1294 1990 reverentia
1332 1935 1496 1988 cessit
1723 1947 1810 1987 590

122 2009 411 2079 Sanguinis
451 2013 506 2062 et
543 2027 698 2063 veros
737 2027 997 2079 germana
1035 2011 1255 2079 expavit
1293 2027 1521 2062 amores.

121 2083 361 2137 Tandem
399 2082 598 2136 detecti
635 2083 858 2136 timidae
896 2083 1160 2137 Nereidos
1201 2087 1366 2136 astus.

268 2155 445 2210 Lucus
484 2155 759 2226 Agenorei
798 2157 1046 2209 sublimis
1087 2158 1154 2210 ad
1195 2157 1348 2227 orgia
1385 2155 1589 2208 Bacchi

125 2229 317 2284 Stabat
356 2233 411 2282 et
447 2230 743 2283 admissum
781 2231 928 2284 caelo
966 2249 1179 2283 nemus:
1218 2231 1379 2283 huius
1419 2229 1710 2283 inumbra

121 2305 405 2358 Alternam
441 2322 699 2358 renovare
737 2305 859 2374 piae
898 2305 1179 2358 trieterida
1218 2307 1418 2357 matres
1726 2315 1813 2355 595

242 2441 327 2481 567
345 2435 465 2480 nihil
483 2435 541 2493 ΡΗ
560 2439 648 2480 570
670 2449 712 2479 v.
735 2436 789 2480 in
811 2450 839 2490 p
855 2440 1016 2492 postv.
1044 2439 1135 2481 575
1156 2436 1392 2480 invenitur
1411 2434 1417 2493 Ι
1439 2434 1654 2479 inhaeret
1670 2438 1817 2477 Altm

123 2495 350 2541 adhaeret
368 2496 466 2540 edd.
482 2493 498 2554 ΙΙ
514 2498 600 2539 572
624 2495 780 2539 motae
797 2494 1050 2598 Hemsmaeyss
1055 2500 1143 2539 574
1167 2494 1435 2540 sonantisP
1452 2494 1570 2549 11576
1596 2493 1817 2550 amplexu

120 2553 211 2600 Fr.
237 2555 430 2600 Medius
461 2554 678 2611 amplexu
700 2568 786 2599 nec
807 2555 940 2599 nulla
1031 2555 1216 2610 ithoftus
1238 2555 1255 2611 ΙΙ
1277 2558 1364 2599 578
1394 2567 1434 2598 v.
1459 2554 1513 2597 in
1542 2559 1564 2595 t
1587 2554 1647 2597 al.
1671 2566 1816 2596 manu

123 2615 244 2659 inter
272 2627 312 2660 v.
345 2617 436 2660 57¹7
475 2617 516 2658 et
547 2615 641 2658 580
677 2614 875 2659 insertus
917 2615 934 2672 ΙΙ
980 2618 1066 2659 579
1111 2628 1152 2658 v
1185 2615 1238 2659 in
1268 2620 1289 2656 t
1334 2627 1477 2669 marg.
1522 2611 1818 2669 adscriptusss

125 2677 210 2718 582
242 2673 369 2719 colos
400 2673 527 2718 codd
561 2672 688 2717 colus
718 2674 884 2730 scripsi
914 2687 1016 2718 cum
1044 2679 1080 2716 1)
1113 2674 1210 2718 coll.
1243 2686 1284 2716 v.
1311 2675 1403 2716 635
1431 2672 1566 2718 Theb.
1592 2671 1698 2714 III
1719 2673 1816 2715 242

129 2731 180 2775 X
208 2735 300 2777 649
341 2735 348 2788 Ι
389 2732 567 2790 perfida
604 2731 743 2776 durat
771 2737 805 2775 P
843 2734 859 2789 ΙΙ
904 2736 990 2777 583
1031 2732 1457 2788 Interpunctionem
1496 2730 1674 2775 correxi
1715 2742 1818 2773 eum

129 2790 317 2836 Monkio
347 2795 389 2836 et
419 2791 660 2835 Duebnero
698 2792 714 2847 ΙΙ
760 2795 845 2836 585
892 2791 1020 2848 Figit
1049 2796 1095 2834 x
1122 2793 1128 2846 Ι
1164 2791 1356 2835 anhelat
1385 2795 1449 2832 tn
1497 2790 1514 2846 ΙΙ
1559 2793 1646 2833 594
1674 2788 1817 2845 hujus

127 2848 177 2894 in
205 2863 311 2895 mne
341 2854 374 2892 P
405 2852 420 2907 ΙΙ
459 2855 544 2895 595
577 2850 822 2895 Alternam
851 2855 884 2893 P
917 2850 1177 2896 Gronovius
1214 2850 1459 2894 Alternum
1492 2849 1627 2893 ceteri
1653 2850 1659 2905 Ι
1686 2861 1819 2892 reno-
