1976 3094
24 2428 39 2761 l

24 2765 30 2831 ἓ

646 146 989 196 THEBAIDOS
1022 146 1131 194 LIB.
1165 146 1222 194 V.
1677 146 1783 200 119

89 273 247 330 Unde
285 274 386 328 hos
425 272 493 327 ad
532 271 714 326 venias
754 288 920 342 regno
961 270 1169 325 deiecta
1207 269 1437 324 labores.

15 350 46 411 Αἱ
87 348 258 404 Dulce
296 346 448 418 loqui
486 344 699 401 miseris
739 349 1053 415 veteresque
1095 344 1345 397 reducere
1386 339 1645 413 questus?

163 422 386 494 Incipit.
425 419 665 490 ‘Aegaeo
706 419 971 490 premitur
1011 418 1324 473 circumflua
1361 416 1538 471 Nereo

89 495 346 567 Lemnos,
382 494 478 550 ubi
516 493 751 566 ignifera
788 494 961 547 fessus
1000 493 1232 578 respirat
1271 492 1339 546 ab
1379 491 1562 546 Aetna
1729 505 1785 545 50

88 569 378 641 Mulciber,
415 569 628 640 ingenti
666 568 918 623 tellurem
958 567 1236 637 proximus
1277 566 1471 620 umbra

88 643 268 700 Vestit
306 643 484 699 Athos
526 660 914 713 nemorumque
963 642 1218 695 obscurat
1255 641 1493 711 imagine
1532 642 1784 710 pontum3

87 718 321 774 Thraces
363 720 520 772 arant
558 721 769 787 contra,
817 716 1088 770 Thracum
1128 716 1320 770 fatalia
1359 715 1516 769 nobis

87 789 298 863 Litora,
337 795 392 846 et
428 792 552 847 inde
591 791 758 846 nefas.
828 790 1086 845 Florebat
1125 790 1274 843 dives
1315 789 1549 843 alumnis

89 866 276 938 Terra,
313 885 413 921 1100
451 867 549 920 illa
589 864 750 920 Samo
790 865 938 919 fama
975 863 1181 918 Delove
1224 864 1441 918 sonanti
1729 876 1785 916 55

88 940 248 996 Peior
287 944 341 995 et
378 941 675 995 innumeris
717 958 851 1010 quas
893 939 1152 1009 spumifer
1192 938 1378 991 adsilit
1417 938 1624 1007 Aegon.

88 1014 190 1070 Dis
228 1016 403 1070 visum
443 1015 664 1069 turbare
705 1014 915 1083 domos,
958 1032 1057 1067 nec
1096 1017 1321 1098 pectora
1359 1012 1520 1081 culpa

87 1087 294 1144 Nostra
330 1092 545 1144 vacant·
584 1088 763 1143 nullos
803 1087 1003 1141 Veneri
1045 1087 1378 1141 sacravimus
1417 1086 1597 1156 ignes,

88 1162 258 1219 Nulla
296 1163 424 1219 deae
465 1163 637 1233 sedes3
678 1166 862 1216 movet
902 1165 958 1215 et
997 1162 1255 1216 caelestia
1294 1159 1567 1232 quondam

89 1236 268 1293 Corda
305 1237 469 1310 dolor·
497 1238 753 1308 lentoque
793 1237 1048 1306 inrepunt
1086 1236 1303 1306 agmine
1341 1234 1570 1289 Poenae.
1730 1248 1787 1289 60

88 1311 197 1367 Illa
230 1311 462 1382 Paphon
500 1315 738 1366 veterem
777 1315 1101 1380 centumque
1140 1310 1337 1365 altaria
1375 1310 1625 1379 linquens

88 1384 206 1441 Nec
244 1387 399 1441 vultu
436 1404 535 1440 nec
574 1386 720 1440 crine
758 1386 907 1455 prior
946 1385 1176 1440 solvisse
1216 1384 1454 1454 iugalem

91 1458 296 1515 Ceston
336 1463 390 1514 et
427 1459 628 1515 Idalias
667 1460 853 1530 procul
894 1460 1180 1531 ablegasse
1219 1460 1462 1512 volucres

90 1533 310 1605 Fertur3
352 1538 508 1589 erant
546 1538 713 1602 certe,
753 1534 931 1587 media
971 1553 1109 1604 quae
1148 1533 1325 1587 noctis
1365 1534 1424 1586 in
1462 1532 1658 1587 umbra

89 1607 287 1663 Divam
326 1609 465 1663 alios
504 1609 660 1680 ignes
700 1609 1015 1677 maioraque
1054 1608 1166 1661 tela
1205 1610 1484 1678 gerentem
1730 1620 1786 1661 65

95 1682 384 1738 Tartareas
422 1683 567 1737 inter
605 1683 863 1736 thalamis
902 1682 1163 1737 volitasse
1204 1699 1413 1735 sorores

91 1754 418 1828 Vulgarent3
455 1760 623 1828 utque
661 1757 939 1827 implicitis
981 1775 1180 1811 arcana
1218 1756 1501 1810 domorum

91 1830 381 1900 Anguibus
419 1834 475 1885 et
513 1850 676 1886 saeva
712 1831 1001 1887 formidine
1041 1834 1236 1885 cuncta
1273 1830 1506 1900 replevit

92 1903 309 1958 Limina
344 1922 444 1958 nec
481 1905 576 1958 fidi
613 1906 872 1976 populum
911 1906 1170 1959 miserata
1208 1905 1414 1974 mariti,

91 1977 353 2032 Protinus
385 1997 418 2032 a
447 1978 650 2033 Lemno
690 1980 862 2033 teneri
900 1979 1120 2049 fugistis
1160 1980 1413 2049 Amores,
1732 1992 1787 2032 70

91 2050 277 2106 Mutus
315 2051 537 2122 Hymen
574 2071 868 2122 versaeque
906 2053 1051 2106 faces
1091 2056 1145 2106 et
1182 2053 1381 2124 frigida
1419 2053 1549 2106 iusti

94 2122 240 2180 Oura
277 2127 410 2181 tori!
448 2127 631 2180 nullae
669 2126 896 2180 redeunt
933 2127 990 2179 in
1030 2127 1228 2197 gaudia
1263 2130 1450 2180 noctes
1459 2168 1474 2196 ,

92 2197 292 2254 Nullus
330 2201 388 2254 in
427 2201 680 2270 amplexu
718 2219 880 2270 sopor
918 2203 1023 2269 est,
1063 2200 1201 2254 Odia
1240 2219 1433 2270 aspera
1470 2201 1669 2271 ubique

93 2273 171 2328 Et
207 2273 381 2328 Furor
419 2277 474 2328 et
512 2275 690 2329 medio
729 2274 952 2329 recubat
991 2274 1279 2328 Discordia
1316 2275 1474 2329 lecto,

95 2345 240 2402 Oura
276 2349 410 2403 viris
447 2349 685 2403 tumidos
725 2350 950 2403 adversa
987 2349 1223 2403 Thracas
1262 2350 1321 2402 in
1360 2368 1457 2404 ora
1733 2363 1787 2403 75

75 2420 300 2477 Eruere
339 2427 395 2477 et
433 2441 652 2478 saevam
689 2424 944 2478 bellando
983 2423 1234 2495 frangere
1274 2427 1505 2494 gentem.

97 2493 337 2569 Gumque
377 2495 567 2551 domus
609 2502 797 2552 contra
836 2501 1149 2569 stantesque
1187 2498 1244 2551 in
1281 2499 1442 2552 litore
1479 2499 1620 2568 nati,

215 2677 285 2718 48.
321 2671 476 2718 ‘dulce
510 2699 565 2707 -
597 2672 799 2718 miseris’
836 2673 1007 2719 schol.
1041 2673 1058 2717 1
1090 2687 1128 2720 0.

215 2824 272 2864 47
305 2819 530 2865 advenias
568 2822 696 2866 codd.
735 2821 855 2876 edd,
886 2835 1001 2867 corr.
1037 2821 1345 2866 Baehrensius
1384 2823 1399 2877 ΙΙ
1439 2825 1494 2865 68
1533 2822 1682 2878 nupta
1719 2834 1789 2867 re-

97 2875 276 2934 plesset
297 2883 330 2922 1³
352 2880 369 2936 ss
393 2883 447 2924 71
472 2879 631 2924 Mutus
654 2880 762 2951 1²⁸
776 2879 931 2925 Motus
957 2881 1012 2924 θ’
1024 2883 1093 2923 SB
1119 2882 1345 2926 al.m.1
