1976 3126
670 157 1014 205 THEBAIDOS
1046 158 1157 206 LIB.
1190 157 1246 206 X.
1706 160 1815 214 283

121 282 197 338 Et
235 282 346 337 iam
383 281 539 336 laeva
577 281 718 351 viro,
757 281 1004 351 quamvis
1045 280 1252 335 saevire
1291 283 1503 334 vetaret
1728 295 1816 334 420

126 356 425 427 Amphion,
463 358 650 425 erepta
688 372 902 424 manus,
941 355 1202 425 puerique
1241 355 1533 409 trahuntur

35 467 38 470 -
125 430 237 486 Ora
275 430 471 500 supina
508 429 701 484 comis:
741 447 891 483 serus
931 432 1060 483 tunc
1099 430 1328 499 denique
1367 430 1593 499 supplex

82 541 85 546 »
123 504 375 559 Demisso
413 522 671 558 mucrone
711 507 891 574 rogat:
934 502 1318 572 ‘Moderatius‚
1358 521 1475 573 oro,

27 584 29 587 ’
122 578 338 650 Ducite,
377 578 626 632 fulminei
663 595 761 648 per
800 596 895 631 vos
936 578 1207 631 cunabula
1246 577 1446 631 Bacchi

44 659 45 662 ’
121 653 417 723 Inoamque
456 652 644 724 fugam
683 651 956 722 vestrique
996 652 1335 706 Palaemonis
1377 654 1570 706 annos!
1729 665 1816 706 425

24 750 43 793 :j
123 727 180 782 Si
220 727 307 782 cui
345 727 486 781 forte
527 726 672 780 domi
710 728 963 779 natorum
1003 726 1222 796 gaudia,
1263 727 1309 779 si
1349 727 1469 795 quis

25 797 43 838 ³³
123 801 228 856 Hie
265 803 444 871 pater,
483 800 706 873 angusti
744 818 914 870 puero
955 800 1081 853 date
1120 801 1359 870 pulveris
1400 801 1630 854 haustus

12 879 34 898 ²
122 875 498 947 Exiguamque
536 874 732 929 facem!
772 878 955 945 rogat,
995 892 1061 928 en
1104 878 1267 946 rogat
1305 875 1420 944 ipse
1461 875 1689 929 iacentis

121 950 343 1004 Vultus:
383 967 485 1021 ego
525 949 775 1002 infandas
816 950 999 1019 potior
1040 949 1243 1003 satiare
1284 949 1553 1019 volucres,

32 1037 46 1090 ,ξ
121 1023 209 1078 Me
247 1024 504 1095 praebete
543 1023 697 1093 feris,
737 1040 838 1094 ego
879 1023 1026 1077 bella
1066 1024 1261 1077 audere
1301 1022 1488 1094 coegi?
1731 1037 1817 1077 430

123 1096 344 1153 ‘Immo’
385 1098 464 1152 ait
503 1097 802 1168 Amphion,
843 1096 1053 1167 ‘regem
1094 1098 1139 1150 si
1178 1101 1338 1151 tanta
1377 1098 1571 1167 cupido

123 1171 387 1243 Condere,
427 1189 563 1243 quae
601 1172 809 1226 timidis
850 1172 982 1225 belli
1024 1190 1196 1242 mens,
1238 1171 1358 1241 ede,
1397 1171 1668 1243 Pelasgis,

36 1263 39 1290 2
123 1245 265 1310 Quid
302 1246 467 1300 fracti
506 1263 883 1316 exanguesque
921 1250 1139 1317 parent3
1180 1249 1374 1300 cuneta
1412 1246 1561 1300 ocius
1601 1247 1751 1314 effer,

120 1321 198 1375 Et
235 1320 352 1375 vita
388 1321 707 1390 tumuloque
746 1320 895 1373 ducis
937 1321 1170 1374 donatus
1211 1320 1404 1374 abit0.'

122 1394 351 1449 Horruit
389 1397 446 1448 et
483 1397 602 1448 toto
641 1394 958 1464 praecordia
996 1396 1247 1465 protinus
1286 1394 1459 1448 Arcas
1730 1408 1817 1448 435

121 1469 378 1539 Implevit
415 1469 625 1539 oapu10.
702 1466 1081 1523 ‘Summumne
1120 1469 1224 1523 hoo
1262 1467 1537 1522 cladibus'
1577 1469 1778 1538 inquit,

52 1579 57 1584 ›
124 1542 374 1613 ‘Deerat‚
412 1545 476 1596 ut
514 1542 761 1597 adflictos
800 1546 1078 1612 turparem
1120 1561 1221 1614 ego
1261 1543 1507 1613 proditor
1546 1543 1766 1613 Argos?

120 1617 216 1672 Nil
254 1617 484 1671 emimus
523 1617 688 1685 tanti,
727 1635 825 1671 nec
867 1618 914 1670 si
951 1618 1088 1671 velit
1127 1618 1244 1687 ipse
1285 1616 1550 1671 eremari?

125 1690 213 1746 Sic
252 1692 352 1763 ait,
392 1695 448 1745 et
485 1707 686 1761 magno
726 1692 1058 1760 proscissum
1099 1693 1322 1745 vulnere
1362 1695 1549 1760 pectus

121 1765 316 1819 Inieeit
351 1783 540 1835 puer0,
580 1783 938 1836 supremaque
978 1785 1257 1819 murmura
1296 1766 1541 1821 volvens:
1731 1781 1819 1822 440

126 1838 272 1893 ‘Hoc
309 1843 494 1893 tamen
531 1839 741 1893 interea
780 1839 926 1893 claro
967 1842 1179 1910 potiare
1220 1839 1499 1911 sepulcro?

61 1967 72 1977 ,
125 1914 284 1967 Tales
325 1913 529 1982 optatis
567 1930 757 1983 regum
796 1914 854 1966 in
894 1915 1268 1983 complexibus
1309 1915 1471 1968 ambo
1482 1959 1496 1985 ,

123 1987 232 2041 Par
270 1987 485 2057 insigne
524 1987 743 2055 animiS‚
782 1987 1006 2040 Aetolus
1047 1993 1103 2042 et
1141 1989 1360 2042 inclitus
1401 1988 1596 2059 Arcas,

124 2061 393 2133 Egregias
433 2060 622 2114 efflant
660 2060 867 2114 animas
908 2062 1124 2131 letoque
1163 2062 1431 2116 fruuntur.

122 2136 239 2190 Vos
272 2153 484 2206 quoque
516 2134 737 2199 sacrati,
769 2136 1014 2204 quamvis
1047 2154 1168 2189 mea
1200 2137 1441 2190 carmina
1471 2142 1700 2208 surgant
1731 2150 1818 2190 445

122 2210 388 2264 Inferiore
426 2209 568 2280 lyra,
606 2226 872 2263 memores
913 2211 1241 2279 superabitis
1284 2229 1469 2264 annos,

124 2284 380 2338 Forsitan
418 2286 473 2337 et
509 2284 736 2337 comites
775 2302 887 2337 non
926 2286 1307 2353 aspernabitur
1345 2284 1565 2338 umbras

124 2358 391 2428 Euryalus
432 2357 761 2428 Phrygiique
801 2357 1054 2412 admittet
1092 2359 1270 2430 gloria
1309 2358 1445 2412 Nisi.

244 2510 330 2551 421
373 2504 530 2550 erecta
559 2508 592 2546 P
624 2505 639 2561 ΙΙ
670 2508 756 2548 422
797 2517 947 2561 serus,
989 2506 1048 2550 al.
1082 2520 1138 2550 m.
1172 2518 1402 2563 suprascr.
1435 2508 1457 2548 t
1489 2518 1591 2549 sero
1623 2510 1657 2550 P
1687 2507 1702 2563 fl
1733 2510 1819 2550 423

125 2562 447 2610 Moderantius
486 2563 714 2608 Barthius
742 2565 759 2621 [Ι
789 2568 877 2609 424
914 2578 1088 2622 paruos
1123 2564 1373 2619 cunabula,
1406 2566 1466 2610 al.
1498 2580 1554 2609 m.
1586 2579 1818 2622 suprascr.

128 2638 164 2669 s.
203 2623 277 2669 ad.
309 2628 342 2667 P
372 2626 388 2680 ΙΙ
417 2627 506 2668 428
545 2622 747 2667 tacentis
781 2624 1096 2670 Marklandus
1130 2626 1146 2682 ΙΙ
1177 2629 1263 2668 429
1303 2623 1523 2668 infandos
1554 2625 1673 2668 idem
1695 2627 1710 2682 ΙΙ
1733 2629 1820 2669 437

125 2683 364 2729 turbarem
386 2682 524 2726 PG²s
547 2682 645 2727 edd.
677 2686 777 2727 vett.
803 2684 929 2740 11438
959 2697 1047 2728 nec
1079 2682 1120 2727 si
1150 2687 1224 2727 PB
1236 2682 1291 2726 θ’
1316 2697 1392 2740 pr.
1425 2698 1481 2728 m.
1523 2700 1555 2738 g
1585 2685 1715 2729 Leia.
1741 2698 1819 2741 pr.

127 2787 185 2819 m.
231 2785 318 2817 nec
366 2770 433 2816 sic
472 2774 555 2814 SE
592 2773 607 2829 ΙΙ
645 2775 730 2815 441
781 2770 964 2816 interea
1011 2773 1060 2815 et
1105 2773 1158 2815 tu
1197 2755 1382 2828 potig’re
1412 2777 1446 2814 P
1477 2771 1604 2816 claro
1636 2772 1820 2830 potiare

30 2842 32 2850 ‘
126 2831 388 2876 Between
417 2830 558 2875 Rem».
591 2843 700 2875 caro
731 2830 912 2887 potiere
943 2836 989 2874 Π
1019 2832 1117 2876 edd.
1149 2833 1165 2888 ΙΙ
1196 2835 1283 2875 445
1306 2845 1397 2888 sqq.
1434 2830 1502 2887 Cf.
1542 2831 1670 2890 Verq.
1702 2833 1819 2879 Aen.

127 2891 212 2936 1X
237 2894 327 2936 446
349 2903 441 2948 sqq.
