2020 3106
634 149 917 196 EDITORIS
947 147 1313 195 PRAEFATIO.
1763 148 1828 194 XI

34 242 38 282 ³
129 273 284 328 nulla
328 274 504 328 exstat
549 271 897 341 subscriptio,
952 273 1137 324 tamen
1191 270 1371 339 spatio
1417 268 1606 323 relicto
1660 267 1827 322 libros

131 346 393 419 distingui
431 345 781 401 manifestum
820 349 927 411 est,
965 344 1287 414 praesertim
1319 362 1441 397 cum
1479 343 1629 396 nulla
1669 345 1828 395 antea

130 421 438 476 inveniatur
474 416 853 489 distributi0.⁶)
905 417 1020 472 Nec
1051 418 1290 472 dubitari
1319 420 1519 487 potest,
1560 416 1689 487 quin
1721 417 1830 469 ista

27 544 28 547 ,
131 495 397 550 librorum
435 493 727 563 descriptio
768 493 839 547 sit
877 492 1196 561 rectissima,
1236 510 1355 545 cum
1395 509 1495 545 nec
1533 490 1632 543 illa
1667 509 1829 560 quam

127 569 395 625 editiones
427 567 815 638 Lindenbrogii
847 570 901 620 et
933 566 1119 620 Crucei
1151 566 1444 619 exhibeant
1474 565 1829 635 quinqueper-

26 702 27 707 ,
64 671 67 675 ·
130 643 234 699 tita
286 642 414 697 ullis
467 643 737 697 bonorum
784 640 1029 695 codicum
1081 640 1420 693 adminiculis
1467 639 1832 706 confirmetur,

132 719 191 773 ct
220 736 284 771 ea
323 734 459 787 quae
489 717 653 787 vulgo
693 715 751 768 in
791 714 1117 769 editionibus
1150 715 1365 785 legatur
1395 712 1658 783 bipartita
1688 712 1831 765 codi-

132 791 283 846 cibus
321 793 534 845 tantum
573 789 928 844 deterioribus
967 789 1197 842 nitatur:
1251 806 1414 859 quam
1452 805 1566 841 rem
1605 790 1660 839 et
1699 785 1830 839 Otto

132 865 423 920 Muellerus
470 865 706 919 breviter
762 864 948 934 attigit
1000 862 1189 933 (praef.
1236 881 1287 931 p.
1332 861 1468 915 XIII
1519 859 1645 931 sq.)‚
1697 860 1832 914 duos

25 961 27 967 ⁸
132 939 608 1012 grammaticorum
644 939 793 992 locos
831 937 1138 1007 respiciens,
1176 939 1231 989 et
1269 937 1385 1006 ipse
1420 936 1583 990 latius
1609 935 1828 988 demon·

133 1013 301 1069 stravi
339 1010 558 1085 (Philol.
595 1011 827 1067 XXXIV
866 1031 917 1081 p.
956 1011 1066 1065 475
1107 1008 1262 1082 sqq.).
1339 1009 1648 1063 Priscianus
1688 1008 1832 1061 enim

139 1086 272 1160 (VH
311 1087 383 1142 65
421 1087 477 1157 p.
505 1087 615 1142 342
646 1085 740 1159 H.)
782 1089 836 1139 et
873 1085 1151 1155 Eutyches
1191 1084 1269 1155 (II
1302 1085 1336 1137 6
1376 1103 1426 1154 p.
1457 1084 1568 1138 475
1593 1083 1684 1154 K.)
1724 1100 1834 1136 cer·

135 1161 333 1216 tissimi
370 1164 538 1216 testes
579 1164 721 1230 sunt,
760 1161 817 1215 in
850 1159 1124 1214 codicibus
1157 1176 1292 1212 saec.
1326 1158 1482 1227 sexti,
1522 1158 1613 1228 qui
1644 1175 1833 1210 versus

134 1235 192 1291 in
229 1235 479 1290 omnibus
519 1236 629 1290 fere
669 1235 997 1289 editionibus
1036 1234 1285 1287 feruntur
1318 1233 1444 1286 libri
1475 1232 1527 1285 Π
1564 1232 1683 1285 120.
1708 1232 1834 1284 224.

137 1309 269 1380 225,
309 1328 401 1364 eos
442 1309 824 1364 adnumeratos
866 1308 1031 1362 fuisse
1071 1308 1209 1361 libro
1249 1307 1440 1377 primo.

196 1421 213 1435 ..
284 1383 403 1448 Quo
449 1384 656 1439 factum
704 1385 807 1453 est,
861 1385 922 1435 ut
967 1383 1024 1435 in
1070 1381 1172 1435 hac
1218 1385 1409 1435 nostra
1447 1380 1684 1434 editione
1722 1397 1837 1432 ver·

139 1476 295 1513 suum
331 1476 585 1513 numeros
626 1458 762 1512 alios
802 1457 1047 1511 invenias
1088 1459 1251 1526 atque
1292 1459 1452 1508 antea
1481 1454 1660 1508 notati
1700 1453 1835 1523 sint3

137 1532 232 1587 sed
261 1534 323 1586 ut
351 1533 544 1587 melius
582 1533 823 1603 legentes
849 1531 1033 1585 libello
1064 1530 1144 1583 uti
1168 1530 1404 1599 possint,
1442 1546 1696 1582 numeros
1735 1546 1837 1580 usu

137 1609 380 1677 receptos
418 1607 479 1661 in
516 1608 672 1661 laevo
712 1605 959 1677 margine
999 1604 1271 1658 addendos
1311 1603 1509 1671 curavi,
1547 1603 1719 1656 literis
1760 1606 1834 1655 te·

138 1681 419 1736 nuioribus
459 1683 514 1735 et
550 1681 775 1752 paulum
813 1679 1087 1734 inclinatis
1126 1678 1381 1748 depictos,

284 1753 361 1808 Et
394 1754 530 1809 haec
568 1755 781 1826 quidem
822 1755 886 1807 de
925 1754 1131 1823 optimo
1170 1752 1414 1806 codicum
1454 1768 1664 1822 genere.
1740 1749 1834 1803 Al-

141 1828 308 1882 terius
331 1831 498 1883 testes
531 1847 588 1883 se
627 1829 891 1899 praebent
928 1826 1342 1882 Trevirensis
1382 1824 1452 1897 (t)
1492 1825 1835 1878 Parisinus

139 1901 289 1956 8052
339 1900 435 1974 (p)
481 1901 811 1957 Gudianus
862 1903 935 1957 52
987 1900 1088 1974 (G)
1137 1899 1687 1955 Helmstadiensis
1734 1897 1836 1969 (H)

142 1973 760 2031 Dommerichianus
786 1974 904 2048 (D);
942 1977 1035 2047 qui
1067 1976 1274 2030 codices
1307 1975 1402 2028 ubi
1433 1975 1574 2027 inter
1612 1991 1669 2027 se
1709 1991 1837 2027 con·

145 2049 385 2103 sentiunt
421 2051 579 2104 litera
615 2058 674 2104 M
711 2068 839 2104 usus
879 2068 1013 2103 sum.

293 2121 437 2177 Ood.
484 2124 898 2178 Trevirensis
953 2122 1299 2195 (LXXXXIb
1351 2123 1483 2175 bibl.
1544 2122 1688 2191 urb.)
1741 2121 1838 2174 mi·

143 2197 360 2251 scellan.
382 2199 691 2268 membran,
730 2216 867 2252 saec.
906 2197 1044 2251 sicut
1081 2196 1141 2250 F.
1178 2197 1243 2251 X.
1274 2196 1508 2250 Krausio
1547 2197 1724 2249 visum
1756 2198 1840 2248 est

140 2269 271 2325 ΧΠ0
307 2273 394 2326 vel
437 2271 594 2326 ΧΠΙο
640 2276 889 2327 exaratus
898 2314 912 2341 ,
964 2271 1074 2325 foll.
1120 2271 1154 2324 9
1210 2271 1481 2342 prioribus
1527 2269 1835 2324 Achilleida

141 2346 530 2415 complectitur.
589 2346 736 2401 Num
775 2347 1047 2400 derivatus
1086 2345 1159 2398 sit
1182 2363 1247 2398 ex
1270 2347 1483 2398 vetusto
1524 2345 1621 2398 illo
1661 2362 1836 2397 exem-

145 2419 308 2490 plari,
348 2420 491 2490 quod
514 2423 576 2475 ut
599 2439 762 2492 supra
792 2420 1209 2474 memoravimus
1235 2419 1531 2473 Gerbertus
1555 2418 1839 2472 Remensis

147 2493 554 2549 describendum
617 2498 918 2565 curaverat,
980 2494 1271 2563 disceptari
1327 2494 1528 2563 nequit.
1627 2491 1840 2546 Desunt

141 2585 326 2621 versus
373 2569 498 2623 libri
544 2570 704 2640 primi
752 2570 875 2623 221.
923 2569 1047 2623 558.
1095 2568 1406 2622 636—721.
1445 2568 1570 2621 900.
1618 2567 1728 2620 930
1771 2596 1835 2604 -

264 2759 308 2815 5)
348 2758 558 2806 Eandem
604 2759 932 2818 descriptionis
979 2759 1209 2805 rationem
1255 2757 1414 2804 inveni
1452 2757 1503 2802 in
1549 2757 1648 2803 cod.
1691 2755 1838 2801 Paris.

148 2819 314 2873 11324;
351 2818 409 2865 cf.
442 2833 499 2864 ea
537 2833 655 2876 quae
695 2819 753 2864 de
784 2821 873 2865 hoc
905 2819 1066 2865 codice
1097 2821 1146 2863 et
1176 2818 1235 2863 de
1266 2817 1433 2863 ceterIs
1464 2817 1514 2862 in
1544 2816 1659 2863 bibl.
1692 2815 1839 2861 Paris.

147 2876 393 2922 asservatis
424 2877 618 2936 exposui
649 2877 698 2923 in
728 2878 899 2925 Philol.
932 2878 1128 2923 XXXIV
1158 2893 1204 2935 p.
1240 2882 1342 2923 476.
