2020 3106
578 777 645 838 P.
695 779 1002 839 PAPINII
1051 778 1313 839 STATII

453 915 1433 1009 THEBAIDOS

756 1100 1131 1155 LIBERI.

246 1321 539 1377 Fraternas
580 1323 722 1377 acies
764 1323 1076 1392 alternaque
1116 1339 1286 1392 regna
1325 1322 1568 1391 profanis

95 1393 390 1450 Decertata
427 1396 564 1450 odiis
606 1399 895 1467 sontesque
936 1397 1179 1451 evolvere
1219 1396 1457 1464 Thebas,

101 1467 308 1524 Pierius
348 1470 518 1524 menti
557 1470 705 1524 calor
742 1470 947 1524 incidit.
1023 1469 1182 1524 Unde
1221 1470 1419 1524 iubetis

101 1541 208 1612 Ire,
248 1542 414 1598 deae?
490 1543 750 1598 Gentisne
789 1562 978 1598 canam
1017 1544 1315 1615 primordia
1354 1544 1525 1612 dirae,

103 1614 349 1672 Sidonios
387 1621 576 1688 raptus
616 1621 672 1672 et
710 1618 1039 1672 inexorabile
1078 1620 1296 1688 pactum
1763 1631 1790 1670 5

79 1689 264 1761 *Legis
304 1689 618 1762 Agenoreae
658 1694 1093 1762 scrutantemque
1134 1710 1369 1761 aequora
1408 1689 1711 1745 Cadmum?

104 1760 291 1834 Longa
327 1766 472 1820 retro
513 1765 700 1836 serie8‚
738 1766 1011 1835 trepidum
1052 1767 1098 1819 si
1127 1765 1323 1819 Martis
1363 1765 1541 1835 operti

107 1837 420 1908 Agricolam
457 1839 693 1893 infandis
733 1840 1050 1893 condentem
1088 1841 1294 1910 proelia
1334 1840 1497 1893 sulcis

33 1928 36 1951 ¹
106 1909 406 1979 Expediam
443 1912 763 1983 penitusque
804 1931 1019 1983 sequar,
1058 1932 1163 1983 quo
1205 1914 1440 1968 carmine
1478 1914 1647 1967 muris

106 1983 331 2037 Iusserit
368 1983 644 2055 Amphion
682 1986 881 2056 Tyrios
923 1987 1173 2040 accedere
1212 1991 1447 2056 monteS,
1743 2000 1797 2040 10

108 2056 264 2111 Unde
304 2074 494 2128 graves
533 2059 645 2112 irae
684 2063 916 2130 cognata
953 2060 1010 2112 in
1048 2062 1263 2113 moenia
1300 2060 1538 2129 Bacch0‚

111 2130 266 2195 Quod
306 2149 496 2186 saevae
533 2131 755 2186 Iunonis
796 2151 954 2203 opus,
993 2134 1078 2186 cui
1117 2135 1409 2204 sumpserit
1449 2153 1604 2187 arcus

108 2203 305 2259 Infelix
343 2205 636 2275 Athamas,
676 2225 770 2260 cur
808 2225 917 2260 non
955 2208 1228 2277 expaverit
1264 2208 1456 2279 ingens

107 2276 321 2332 Ionium
362 2279 508 2333 socio
548 2298 736 2334 casura
774 2281 1098 2335 Palaemone
1137 2284 1331 2350 mater;

229 2439 271 2470 v.
314 2429 352 2469 1.
403 2423 681 2470 ‘Fraternas
715 2453 769 2459 —
802 2427 967 2484 regna’
1003 2426 1153 2471 Serv.
1187 2427 1249 2470 ad
1286 2427 1401 2471 Aen.
1436 2427 1457 2470 Ι
1487 2428 1548 2473 in.
1583 2454 1638 2460 —
1671 2433 1698 2472 9
1733 2442 1799 2483 sq.

115 2481 226 2537 ‘quo
259 2509 314 2516 —
344 2484 547 2528 montes’
583 2486 767 2530 Acron
798 2485 859 2530 ad
891 2485 1051 2531 Horat.
1086 2499 1224 2533 carm.
1259 2486 1322 2532 111
1357 2492 1425 2543 11,
1461 2493 1498 2531 1.

233 2614 427 2659 STATII
456 2615 694 2661 POETAE
726 2617 905 2662 LIBER
934 2618 1218 2664 THEBAID.
1250 2618 1479 2664 PRIMVS
1509 2617 1733 2662 INCIPIT
1758 2635 1799 2661 ·:·

113 2677 147 2717 P
175 2675 192 2732 ΙΙ
223 2679 395 2720 1-388
434 2676 597 2722 desunt
634 2678 687 2721 in
719 2676 790 2734 (ἱῖ,
826 2683 998 2723 1—512
1031 2680 1193 2724 desunt
1231 2680 1284 2723 iu
1319 2677 1505 2737 Pra9.2;
1537 2682 1655 2723 totus
1687 2678 1802 2722 liber

112 2733 290 2790 primus
343 2735 536 2792 librique
588 2737 779 2782 secundi
833 2738 1020 2783 initium
1074 2739 1126 2782 in
1173 2739 1314 2783 altero
1361 2739 1454 2783 cod.
1501 2737 1801 2782 vetustissimo

111 2796 323 2867 ‘Adriani
357 2823 559 2869 Behotcii
596 2825 939 2871 desiderabatur
969 2829 984 2884 ῃ
1016 2831 1042 2871 5
1073 2811 1235 2886 raptgs
1280 2831 1312 2868 P
1346 2828 1361 2883 n
1398 2830 1453 2870 ιο
1493 2825 1647 2881 Tyriis
1686 2824 1804 2871 (ι’-νο-

116 2881 292 2936 novius,
323 2882 400 2927 sed
431 2883 488 2937 cf.
522 2883 610 2927 IX
639 2886 731 2929 406
764 2884 884 2928 XII
909 2889 1001 2931 693

207 2960 347 2996 errn
370 2963 562 2999 Tannus.
1426 2964 1447 3001 l
