1976 3094
242 150 348 204 174
816 148 864 193 P.
898 146 1126 193 PAPINII
1157 146 1350 192 srATn

237 270 530 341 Insurgens
570 270 769 323 umeris
809 269 1085 323 hominem
1127 287 1288 339 super
1325 268 1607 338 improbus
1648 269 1773 324 exit.

113 356 206 400 840
238 343 344 399 Sed
381 363 492 397 non
530 344 625 396 ille
664 344 815 413 rigor
853 344 1195 413 patriumque
1234 343 1293 396 in
1331 360 1554 412 corpore
1593 344 1779 397 robur:
1843 357 1928 398 815

238 419 541 472 Luxuriant
581 421 754 486 artuS‚
795 418 1068 487 effusaque
1109 417 1372 488 sanguine
1410 417 1536 471 laxo

237 493 484 547 Membra
520 495 736 561 natant3
775 492 916 545 unde
954 492 1089 545 hacc
1129 492 1304 545 audax
1342 491 1537 545 fiducia
1575 493 1789 545 tantum

239 567 476 621 Oenidae
517 584 768 635 superare
806 584 1009 636 parem.
1086 566 1423 636 Quamquam
1461 566 1579 636 ipse
1617 565 1789 619 videri

237 642 507 711 ExigUUS,
547 640 734 712 gravia
773 659 897 694 ossa
934 644 1120 694 tamen
1156 640 1421 710 nodisque
1460 640 1652 694 lacerti

112 727 203 769 845
237 715 518 769 Difficiles.
580 714 894 785 Numquam
931 715 1076 767 hunc
1116 715 1356 768 animum
1389 717 1584 768 natura
1616 714 1813 768 minori
1844 728 1930 769 820

241 788 480 859 Corpore
518 807 617 843 nec
656 792 839 843 t‘antas
881 808 1013 842 ausa
1053 791 1135 841 est
1173 788 1445 842 includere
1483 789 1641 842 vires.

313 864 612 933 Postquam
652 865 769 917 oleo
810 864 1001 933 gavisa
1041 864 1201 932 cutis,
1250 863 1391 932 petit
1430 881 1631 933 aequor
1668 865 1894 932 uterque
1960 891 1961 894 ¹

239 937 510 992 Procursu
548 938 784 990 medium
824 942 985 1006 atque
1024 937 1224 990 hausta
1260 938 1493 990 vestitur
1530 937 1748 991 harena.
1959 939 1970 1000 ’ξ

241 1012 380 1065 Tum
420 1011 664 1065 madidos
707 1015 856 1065 artus
899 1012 1109 1065 alterno
1149 1011 1370 1081 pulvere
1411 1011 1638 1081 siccant,
1960 1031 1970 1098 ξ

110 1098 204 1141 850
240 1084 502 1156 Collaque
542 1086 842 1139 demersere
881 1086 1080 1139 umeris
1121 1089 1177 1139 et
1214 1085 1468 1139 bracchia
1507 1086 1618 1139 late
1844 1098 1929 1140 825
1960 1095 1970 1139 3

238 1159 388 1214 Vara
427 1163 629 1214 tenent.
705 1160 822 1213 Iam
862 1163 991 1213 tunc
1031 1163 1152 1213 astu
1193 1159 1408 1214 deducit
1445 1159 1503 1213 in
1543 1178 1773 1230 aequum
1959 1140 1976 1344 ἶ

1960 1350 1976 1423 i

239 1233 481 1288 Callidus
522 1237 576 1287 et
615 1235 820 1288 celsum
857 1238 1152 1304 procurvat
1189 1233 1429 1305 Agyllea
1467 1234 1699 1304 Tydeus,

239 1306 551 1362 Submissus
591 1311 746 1379 tergo
787 1312 842 1362 et
881 1309 1110 1378 genibus
1150 1309 1358 1362 vicinus
1397 1308 1648 1363 harenae.

237 1382 339 1436 Ille
381 1386 584 1452 autem,
623 1382 814 1453 Alpini
852 1383 1024 1436 veluti
1062 1382 1251 1453 regina
1290 1399 1574 1452 cupressus

115 1469 208 1513 855
240 1456 477 1510 Verticis
518 1457 735 1527 urgenti
774 1457 1037 1511 cervicem
1076 1457 1304 1511 inclinat
1341 1458 1399 1510 in
1439 1460 1622 1511 austro
1631 1498 1646 1526 ,
1842 1470 1929 1512 830

239 1531 350 1585 Vix
391 1549 507 1584 sese
546 1530 724 1585 radice
762 1534 978 1600 tenens,
1015 1535 1297 1601 terraeque
1334 1532 1686 1601 propinquat,

238 1604 559 1658 Iamdudum
600 1605 870 1659 aetherias
911 1605 1097 1659 eadem
1135 1606 1377 1660 reditura
1416 1606 1514 1659 sub
1557 1623 1734 1658 auras:

238 1678 365 1733 Non
405 1697 557 1732 secus
597 1679 845 1749 ingentes
887 1683 1034 1732 artus
1072 1680 1377 1748 praecelsus
1417 1679 1683 1749 Agylleus

240 1751 445 1821 Sponte
468 1753 668 1823 premit
691 1771 1025 1823 parvumque
1049 1771 1271 1823 gemens
1297 1753 1603 1824 duplicatur
1626 1754 1683 1806 in
1698 1751 1976 1824 hostem,

106 1840 200 1883 860
237 1826 312 1879 Et
341 1827 452 1880 iam
486 1827 699 1880 alterna
730 1846 921 1881 manus
953 1827 1293 1897 frontemque
1326 1846 1649 1897 umerosque
1677 1828 1927 1898 latusque
1971 1867 1976 1892 2-

235 1899 496 1970 Collaque
534 1904 861 1971 pectoraque
902 1904 957 1954 et
996 1901 1229 1955 vitantia
1268 1919 1424 1955 crura
1462 1902 1698 1956 lacessit.
1841 1916 1927 1957 836

231 1974 620 2044 Interdumque
662 1976 753 2029 diu
792 1976 1029 2044 pendent
1066 1994 1162 2045 per
1201 1979 1391 2029 mutua
1428 1975 1554 2029 fulti
1965 1993 1974 1999 ·

157 2080 164 2086 -
232 2047 521 2119 Bracchia,
560 2068 703 2103 nunc
743 2050 893 2103 saevi
931 2050 1227 2120 digitorum
1264 2050 1482 2104 vincula
1520 2049 1799 2122 frangunt.

233 2122 361 2176 Non
400 2124 477 2176 sic
517 2123 765 2178 ductores
806 2124 1010 2194 gemini
1050 2124 1232 2195 gregis
1271 2124 1493 2178 horrida
1532 2126 1677 2178 tauri

107 2210 202 2253 865
232 2195 393 2250 Bella
432 2202 674 2267 movent3
715 2198 893 2252 medio
934 2200 1164 2252 coniunx
1203 2202 1312 2252 stat
1350 2199 1580 2253 candida
1616 2204 1776 2268 prato
1838 2212 1924 2254 840

229 2269 510 2324 Victorem
550 2276 838 2341 expectans
849 2314 862 2340 ‚
901 2276 1164 2342 rumpunt
1203 2273 1416 2327 obnixa·
1443 2273 1681 2327 furentes

229 2345 483 2413 Pectora,
526 2346 711 2399 subdit
750 2365 907 2410 amor
942 2347 1193 2400 stimulos
1233 2351 1289 2401 et
1326 2347 1551 2401 vulnera
1590 2352 1774 2401 sanat:

352 2509 438 2549 820
464 2519 528 2560 sq.
576 2506 851 2562 ‘numquam
883 2532 938 2539 —
970 2506 1112 2551 vires’
1147 2506 1318 2552 Prisc.
1352 2506 1439 2552 VII
1474 2513 1542 2562 13,
1577 2512 1632 2552 69
1664 2522 1708 2565 p.
1744 2512 1828 2552 347
1861 2506 1918 2552 Η.

351 2642 437 2684 815
478 2637 615 2695 vigor
652 2653 789 2684 anon.
822 2639 1028 2685 Heidelb.
1061 2643 1076 2698 ΙΙ
1107 2645 1192 2686 817
1225 2639 1349 2685 unde
1381 2645 1508 2684 Ρᾱπ
1538 2639 1647 2685 inde
1679 2643 1806 2699 1311!
1829 2645 1917 2687 826

230 2697 357 2742 Vara
386 2703 452 2740 Pe
490 2698 620 2756 Lz'ps.
653 2703 686 2742 B
721 2702 775 2756 (P)
813 2699 945 2745 schol.
988 2699 1126 2745 Clara
1155 2716 1179 2743 r
1209 2699 1361 2744 Vasta
1389 2700 1501 2745 Beh.
1534 2704 1560 2744 1
1595 2704 1756 2743 GHTb
1788 2701 1915 2746 Dan.

232 2756 385 2801 Curua
405 2758 516 2803 Beh.
542 2761 575 2803 2
602 2772 640 2802 π
664 2759 680 2815 ΙΙ
703 2763 790 2803 830
820 2759 1040 2815 urguenti
1064 2765 1096 2802 P
1119 2761 1341 2816 urgentes
1366 2760 1500 2805 ceteri
1526 2762 1532 2815 Ι
1561 2761 1744 2804 austros
1778 2761 1918 2815 codd„

230 2829 345 2861 corr.
369 2817 678 2862 Baehrensius
700 2819 716 2875 ΙΙ
740 2822 829 2862 834
858 2817 993 2862 hoste
1017 2823 1050 2861 Ρ
1073 2821 1088 2876 ΙΙ
1112 2823 1198 2864 835
1233 2818 1294 2863 Et
1325 2832 1408 2864 om.
1433 2823 1510 2862 PG
1532 2821 1548 2876 u
1571 2824 1658 2864 836
1688 2817 1920 2863 nictantia

229 2874 393 2921 Burm.
425 2875 516 2922 See.
543 2877 558 2933 ΙΙ
582 2881 667 2922 842
699 2876 894 2922 vulnera
925 2877 1091 2925 suadet
1123 2879 1181 2923 F.
1215 2879 1309 2924 Leo
