1988 3106
155 97 223 150 68
770 96 820 139 Ρ.
851 96 1080 140 PAPINII
1110 95 1308 140 STATII

154 218 243 269 An
282 216 469 270 Getica
507 232 698 267 uenere
737 215 892 283 lyra}>
953 218 1133 283 stupet
1169 216 1284 284 ipse
1323 216 1533 270 labores

154 291 368 358 Annus„
407 291 460 341 et
501 291 727 357 angusto
767 288 850 340 bis
885 289 1002 340 seni
1040 289 1210 341 limite
1249 307 1458 342 menses

154 364 504 433 Longaeuum
535 363 798 413 mirantur
837 380 985 429 opus,
1046 361 1172 414 deus
1213 362 1384 414 adfuit
1423 381 1569 415 arces

154 437 446 506 Erexitque
487 454 611 487 suas
652 437 810 502 atque
851 435 1182 487 obluctantia
1221 454 1350 487 saxa
1870 452 1924 492 20

157 510 460 563 Summouit
499 509 677 560 nitens
719 511 771 559 et
809 525 1005 576 magno
1045 511 1259 576 pectore
1297 511 1533 560 montem

156 584 430 652 Reppulit:
470 582 730 633 immitem
770 581 951 633 credas
990 581 1206 634 iussisse
1244 599 1542 634 nouercam.

156 658 301 726 Ergo
342 673 457 725 age,
502 673 594 706 seu
632 654 838 722 patrios
877 654 1013 706 liber
1051 655 1159 707 iam
1198 655 1404 724 legibus
1444 654 1623 724 Argos

155 730 352 783 Incolis
397 732 450 781 et
489 746 722 780 mersum
761 727 980 779 tumulis
1019 727 1323 796 Eurysthea
1363 729 1557 795 calcaS,

158 803 280 857 Siue
319 803 400 854 tui
440 802 632 855 solium
670 801 816 853 Iouis
857 803 910 852 et
947 801 1146 853 uirtute
1182 804 1375 870 parata
1872 815 1927 856 25

156 877 320 930 Astra
356 879 533 942 tenes,
572 875 926 942 haustumque
964 874 1064 926 tibi
1103 875 1371 927 succincta
1409 875 1553 926 beati

156 950 403 1003 Nectaris
445 949 660 1001 excluso
700 948 888 999 melior
926 947 1137 1016 Phryge
1176 948 1405 1016 porrigit
1443 947 1616 999 Hebe:

156 1024 276 1077 Huc
316 1023 441 1075 ades
481 1024 535 1074 et
575 1021 791 1090 genium
828 1020 1044 1089 templis
1082 1021 1426 1072 nascentibus
1466 1021 1618 1073 infer.

157 1097 283 1150 Non
318 1100 372 1148 te
411 1096 585 1147 Lerna
622 1111 819 1145 nocens
857 1111 954 1145 nec
992 1094 1240 1161 pauperis
1281 1112 1410 1145 arua
1448 1093 1709 1146 Molorchi

157 1170 271 1223 Nec
309 1169 628 1222 formidatus
668 1166 895 1219 Nemees
936 1183 1062 1235 ager
1101 1169 1358 1235 antraque
1397 1170 1625 1234 poscunt
1872 1182 1928 1221 30

158 1243 387 1297 Thracia
425 1259 522 1294 nec
561 1240 745 1293 Pharii
783 1240 991 1308 polluta
1029 1240 1220 1292 altaria
1258 1240 1420 1310 regis;

160 1317 262 1371 Sed
300 1316 428 1368 felix
468 1314 796 1382 simplexque
836 1313 1024 1365 domus
1061 1312 1416 1380 fraudumque
1455 1313 1717 1365 malarum

157 1391 334 1445 Inscia
373 1392 426 1441 et
462 1387 765 1455 hospitibus
805 1387 1008 1454 superis
1049 1385 1366 1455 dignissima
1404 1386 1568 1438 sedes.

158 1465 306 1518 Pone
345 1465 524 1514 truces
565 1478 716 1512 arcus
757 1476 1053 1528 agmenque
1091 1459 1296 1510 immite
1333 1459 1616 1527 pharetrae

160 1538 236 1590 Et
272 1553 459 1605 regum
499 1533 669 1586 multo
708 1532 982 1601 perfusum
1022 1531 1284 1601 sanguine
1322 1532 1506 1599 robur,
1874 1544 1954 1585 35.

158 1611 557 1676 Instratumque
597 1605 833 1658 humeris
875 1605 1088 1658 dimitte
1127 1606 1434 1673 gerentibus
1473 1606 1699 1658 hostem.
1924 1600 1930 1610 ”

163 1683 267 1736 Hic
304 1682 406 1735 tibi
445 1679 663 1733 Sidonio
703 1679 902 1730 celsum
941 1678 1191 1746 puluinar
1230 1678 1459 1731 acantho

162 1757 384 1810 Texitur
423 1757 476 1806 et
516 1753 683 1822 signis
724 1752 914 1804 crescit
950 1754 1101 1804 torus
1142 1768 1298 1819 asper
1336 1751 1569 1804 eburnis,

160 1831 393 1883 Pacatus
431 1827 682 1894 mitisque
721 1826 847 1877 ueni
884 1842 982 1876 nec
1021 1824 1267 1876 turbidus
1306 1823 1388 1876 ira
1938 1866 1956 1890 s

160 1903 274 1957 Nec
311 1902 571 1954 famulare
609 1898 820 1966 timenS‚
859 1898 950 1950 sed
990 1915 1146 1966 quem
1183 1899 1237 1948 te
1276 1896 1537 1949 Maenalis
1576 1896 1731 1967 Auge
1875 1910 1933 1951 40

164 1976 479 2030 Confectum
516 1971 726 2041 thyasis
768 1974 821 2023 et
858 1971 1027 2024 multo
1065 1971 1232 2022 fratre
1271 1970 1572 2022 madentem
1920 1964 1933 1985 '⁴

161 2049 410 2103 Detinuit
449 2048 761 2116 qualemque
800 2061 971 2113 uagae
1009 2046 1133 2112 post
1171 2043 1396 2096 crimina
1433 2044 1606 2095 noctis

161 2122 415 2175 Thestius
456 2118 755 2188 obstupuit,
793 2118 996 2170 totiens
1037 2135 1200 2170 socer.
1259 2116 1347 2169 hic
1384 2116 1486 2168 tibi
1523 2116 1661 2168 festa

163 2196 418 2265 Gymnzm,
458 2197 512 2245 et
548 2193 796 2245 insontes
836 2192 1086 2252 iuuenum
1126 2190 1241 2242 sine
1281 2190 1546 2242 caestibus
1586 2189 1697 2241 irae
1950 2251 1951 2254 Ἴ

162 2269 360 2322 Annua
398 2267 567 2319 ueloci
605 2267 873 2334 peragunt
912 2264 1203 2316 certamina
1239 2263 1423 2314 lustro,
1875 2273 1938 2321 45

161 2342 267 2395 Hic
303 2340 517 2409 templis
555 2338 845 2404 inscriptus
886 2355 986 2389 auo
1027 2336 1292 2405 gaudente
1332 2335 1578 2388 sacerdos
1924 2330 1934 2349 ³

285 2563 337 2603 18
371 2556 559 2614 angusti
590 2556 772 2600 bisseno
805 2558 842 2596 A
875 2559 916 2608 c,
949 2567 1060 2598 corr.
1095 2568 1122 2595 a
1161 2554 1176 2608 ΙΙ
1216 2556 1268 2596 19
1303 2551 1454 2594 adfuit
1480 2551 1741 2595 Meursius:
1773 2552 1934 2597 attulit

165 2624 193 2661 c
225 2634 252 2661 a
274 2619 289 2674 ΙΙ
313 2622 367 2661 30
400 2617 597 2660 Nemees
631 2618 659 2658 ς
693 2629 741 2658 a:
774 2613 931 2656 uenies
961 2617 989 2654 c
1017 2615 1022 2666 Ι
1050 2610 1420 2655 antraueMarkl.
1446 2612 1461 2666 fl
1485 2615 1540 2653 36
1572 2610 1932 2667 Lustratumque

166 2683 194 2719 c
213 2693 252 2731 a,
271 2690 384 2720 corr.
405 2679 433 2718 ς
458 2676 472 2729 ΙΙ
497 2679 551 2718 37
571 2673 769 2717 acantho
794 2675 851 2715 A:
871 2671 1069 2715 achanto
1088 2674 1115 2711 c
1139 2671 1154 2724 ΙΙ
1178 2674 1231 2712 43
1247 2667 1462 2712 Thestius
1485 2668 1683 2713 Markl.:
1707 2669 1931 2726 Thespius

167 2741 194 2778 c
219 2752 246 2778 a.
268 2737 282 2791 Η
306 2739 363 2777 44
388 2734 589 2777 cestibus
614 2736 650 2774 A
685 2736 734 2774 c:
758 2730 953 2774 testibus
981 2733 1008 2773 ς
1037 2728 1253 2773 caedibus
1280 2727 1482 2780 Markl.‚·
1514 2741 1576 2770 an
1607 2727 1840 2772 uestibus?
1875 2727 1931 2782 ef.

169 2800 266 2850 146,
303 2798 400 2836 152.
428 2794 442 2848 11
467 2796 522 2835 46
553 2790 812 2846 adscriptus
847 2789 1020 2832 Markl.
