<?xml version="1.0" encoding="UTF-8"?>
<!DOCTYPE html PUBLIC "-//W3C//DTD XHTML 1.0 Transitional//EN"
    "http://www.w3.org/TR/xhtml1/DTD/xhtml1-transitional.dtd">
<html xmlns="http://www.w3.org/1999/xhtml" xml:lang="en" lang="en">
 <head>
  <title>
</title>
<meta http-equiv="Content-Type" content="text/html;charset=utf-8" />
  <meta name='ocr-system' content='tesseract 3.04.00' />
  <meta name='ocr-capabilities' content='ocr_page ocr_carea ocr_par ocr_line ocrx_word'/>
</head>
<body>
  <div class='ocr_page' id='page_1' title='image "./operapapinius12statuoft_0060.png"; bbox 0 0 1988 3106; ppageno 0'>
   <div class='ocr_carea' id='block_1_1' title="bbox 178 148 248 199">
    <p class='ocr_par' dir='ltr' id='par_1_1' title="bbox 178 148 248 199">
     <span class='ocr_line' id='line_1_1' title="bbox 178 148 248 199; baseline -0.014 0"><span class='ocrx_word' id='word_1_1' title='bbox 178 148 248 199; x_wconf 86' lang='lat'>34</span> 
     </span>
    </p>
   </div>
   <div class='ocr_carea' id='block_1_2' title="bbox 779 146 1319 192">
    <p class='ocr_par' dir='ltr' id='par_1_2' title="bbox 779 146 1319 192">
     <span class='ocr_line' id='line_1_2' title="bbox 779 146 1319 192; baseline 0 -2"><span class='ocrx_word' id='word_1_2' title='bbox 779 147 829 190; x_wconf 90' lang='lat' dir='ltr'>P.</span> <span class='ocrx_word' id='word_1_3' title='bbox 861 146 1090 190; x_wconf 90' lang='lat' dir='ltr'>PAPINII</span> <span class='ocrx_word' id='word_1_4' title='bbox 1120 146 1319 192; x_wconf 87' lang='lat' dir='ltr'>STATII</span> 
     </span>
    </p>
   </div>
   <div class='ocr_carea' id='block_1_3' title="bbox 439 266 1625 774">
    <p class='ocr_par' dir='ltr' id='par_1_3' title="bbox 440 266 1577 465">
     <span class='ocr_line' id='line_1_3' title="bbox 440 266 1486 335; baseline 0 -16"><span class='ocrx_word' id='word_1_5' title='bbox 440 266 518 319; x_wconf 92' lang='lat' dir='ltr'>Ut</span> <span class='ocrx_word' id='word_1_6' title='bbox 555 283 763 335; x_wconf 87' lang='lat' dir='ltr'>pugnas</span> <span class='ocrx_word' id='word_1_7' title='bbox 803 266 946 334; x_wconf 87' lang='lat' dir='ltr'>capit</span> <span class='ocrx_word' id='word_1_8' title='bbox 982 266 1240 334; x_wconf 87' lang='lat' dir='ltr'>inprobus</span> <span class='ocrx_word' id='word_1_9' title='bbox 1278 267 1486 319; x_wconf 85' lang='lat' dir='ltr'>uiriles!</span> 
     </span>
     <span class='ocr_line' id='line_1_4' title="bbox 443 338 1577 409; baseline 0.002 -18"><span class='ocrx_word' id='word_1_10' title='bbox 443 338 639 392; x_wconf 83' lang='lat' dir='ltr'>Credas</span> <span class='ocrx_word' id='word_1_11' title='bbox 676 339 743 390; x_wconf 91' lang='lat' dir='ltr'>ad</span> <span class='ocrx_word' id='word_1_12' title='bbox 781 338 1008 390; x_wconf 86' lang='lat' dir='ltr'>Tanaim</span> <span class='ocrx_word' id='word_1_13' title='bbox 1045 338 1320 409; x_wconf 84' lang='lat' dir='ltr'>ferumque</span> <span class='ocrx_word' id='word_1_14' title='bbox 1356 339 1577 393; x_wconf 82' lang='lat' dir='ltr'>Phasim</span> 
     </span>
     <span class='ocr_line' id='line_1_5' title="bbox 440 412 1415 465; baseline 0.001 -1"><span class='ocrx_word' id='word_1_15' title='bbox 440 412 948 464; x_wconf 73' lang='lat' dir='ltr'>Thermodontiaeas</span> <span class='ocrx_word' id='word_1_16' title='bbox 986 413 1156 464; x_wconf 89' lang='lat' dir='ltr'>calere</span> <span class='ocrx_word' id='word_1_17' title='bbox 1193 416 1415 465; x_wconf 81' lang='lat' dir='ltr'>turmas,</span> 
     </span>
    </p>

    <p class='ocr_par' dir='ltr' id='par_1_4' title="bbox 439 485 1625 774">
     <span class='ocr_line' id='line_1_6' title="bbox 440 485 1495 554; baseline 0 -16"><span class='ocrx_word' id='word_1_18' title='bbox 440 485 545 538; x_wconf 92' lang='lat' dir='ltr'>Hic</span> <span class='ocrx_word' id='word_1_19' title='bbox 584 485 758 538; x_wconf 87' lang='lat' dir='ltr'>audax</span> <span class='ocrx_word' id='word_1_20' title='bbox 797 485 943 537; x_wconf 89' lang='lat' dir='ltr'>subit</span> <span class='ocrx_word' id='word_1_21' title='bbox 980 485 1110 538; x_wconf 92' lang='lat' dir='ltr'>ordo</span> <span class='ocrx_word' id='word_1_22' title='bbox 1148 486 1495 554; x_wconf 89' lang='lat' dir='ltr'>pumilorum,</span> 
     </span>
     <span class='ocr_line' id='line_1_7' title="bbox 442 557 1625 627; baseline 0.001 -17"><span class='ocrx_word' id='word_1_23' title='bbox 442 557 587 620; x_wconf 83' lang='lat' dir='ltr'>Quos</span> <span class='ocrx_word' id='word_1_24' title='bbox 625 561 822 611; x_wconf 89' lang='lat' dir='ltr'>natura</span> <span class='ocrx_word' id='word_1_25' title='bbox 859 558 1039 611; x_wconf 89' lang='lat' dir='ltr'>breuis</span> <span class='ocrx_word' id='word_1_26' title='bbox 1079 559 1264 610; x_wconf 87' lang='lat' dir='ltr'>statim</span> <span class='ocrx_word' id='word_1_27' title='bbox 1301 563 1518 627; x_wconf 90' lang='lat' dir='ltr'>peracta</span> <span class='ocrx_word' id='word_1_28' title='bbox 1607 586 1625 601; x_wconf 59' lang='grc' dir='ltr'><em>κ</em></span> 
     </span>
     <span class='ocr_line' id='line_1_8' title="bbox 439 631 1517 701; baseline 0.001 -18"><span class='ocrx_word' id='word_1_29' title='bbox 439 631 720 684; x_wconf 88' lang='lat' dir='ltr'>Nodosum</span> <span class='ocrx_word' id='word_1_30' title='bbox 759 632 924 684; x_wconf 90' lang='lat' dir='ltr'>semel</span> <span class='ocrx_word' id='word_1_31' title='bbox 959 632 1018 684; x_wconf 93' lang='lat' dir='ltr'>in</span> <span class='ocrx_word' id='word_1_32' title='bbox 1056 632 1274 701; x_wconf 86' lang='lat' dir='ltr'>globum</span> <span class='ocrx_word' id='word_1_33' title='bbox 1311 632 1517 701; x_wconf 89' lang='lat' dir='ltr'>ligauit.</span> 
     </span>
     <span class='ocr_line' id='line_1_9' title="bbox 440 705 1561 774; baseline 0.001 -18"><span class='ocrx_word' id='word_1_34' title='bbox 440 705 626 757; x_wconf 86' lang='lat' dir='ltr'>Edunt</span> <span class='ocrx_word' id='word_1_35' title='bbox 662 722 884 757; x_wconf 91' lang='lat' dir='ltr'>munera</span> <span class='ocrx_word' id='word_1_36' title='bbox 921 708 1309 774; x_wconf 78' lang='lat' dir='ltr'>conseruntque</span> <span class='ocrx_word' id='word_1_37' title='bbox 1347 706 1561 757; x_wconf 88' lang='lat' dir='ltr'>dextras</span> 
     </span>
    </p>
   </div>
   <div class='ocr_carea' id='block_1_4' title="bbox 440 776 1668 848">
    <p class='ocr_par' dir='ltr' id='par_1_5' title="bbox 440 776 1668 848">
     <span class='ocr_line' id='line_1_10' title="bbox 440 776 1668 848; baseline 0.002 -19"><span class='ocrx_word' id='word_1_38' title='bbox 440 778 515 829; x_wconf 86' lang='lat' dir='ltr'>Et</span> <span class='ocrx_word' id='word_1_39' title='bbox 551 781 780 830; x_wconf 88' lang='lat' dir='ltr'>mortem</span> <span class='ocrx_word' id='word_1_40' title='bbox 818 778 923 830; x_wconf 86' lang='lat' dir='ltr'>sibi</span> <span class='ocrx_word' id='word_1_41' title='bbox 961 776 1094 848; x_wconf 92' lang='lat' dir='ltr'>(qua</span> <span class='ocrx_word' id='word_1_42' title='bbox 1130 776 1341 848; x_wconf 82' lang='lat' dir='ltr'>manul)</span> <span class='ocrx_word' id='word_1_43' title='bbox 1379 780 1668 833; x_wconf 89' lang='lat' dir='ltr'>minantur.</span> 
     </span>
    </p>
   </div>
   <div class='ocr_carea' id='block_1_5' title="bbox 439 850 1636 2163">
    <p class='ocr_par' dir='ltr' id='par_1_6' title="bbox 441 850 1579 1066">
     <span class='ocr_line' id='line_1_11' title="bbox 441 850 1579 921; baseline 0.002 -19"><span class='ocrx_word' id='word_1_44' title='bbox 441 851 604 903; x_wconf 87' lang='lat' dir='ltr'>Ridet</span> <span class='ocrx_word' id='word_1_45' title='bbox 640 850 786 903; x_wconf 90' lang='lat' dir='ltr'>Mars</span> <span class='ocrx_word' id='word_1_46' title='bbox 823 854 977 919; x_wconf 90' lang='lat' dir='ltr'>pater</span> <span class='ocrx_word' id='word_1_47' title='bbox 1016 855 1071 903; x_wconf 83' lang='lat' dir='ltr'>et</span> <span class='ocrx_word' id='word_1_48' title='bbox 1107 855 1331 904; x_wconf 89' lang='lat' dir='ltr'>cruenta</span> <span class='ocrx_word' id='word_1_49' title='bbox 1367 851 1579 921; x_wconf 79' lang='lat' dir='ltr'>Uirtus,</span> 
     </span>
     <span class='ocr_line' id='line_1_12' title="bbox 443 923 1416 994; baseline 0 -17"><span class='ocrx_word' id='word_1_50' title='bbox 443 923 782 992; x_wconf 81' lang='lat' dir='ltr'>Casuraeque</span> <span class='ocrx_word' id='word_1_51' title='bbox 820 924 975 994; x_wconf 88' lang='lat' dir='ltr'>uagis</span> <span class='ocrx_word' id='word_1_52' title='bbox 1015 941 1174 992; x_wconf 83' lang='lat' dir='ltr'>grues</span> <span class='ocrx_word' id='word_1_53' title='bbox 1213 925 1416 993; x_wconf 88' lang='lat' dir='ltr'>rapinis</span> 
     </span>
     <span class='ocr_line' id='line_1_13' title="bbox 441 997 1313 1066; baseline 0.001 -17"><span class='ocrx_word' id='word_1_54' title='bbox 441 997 709 1050; x_wconf 77' lang='lat' dir='ltr'>Mirantur</span> <span class='ocrx_word' id='word_1_55' title='bbox 745 998 974 1066; x_wconf 90' lang='lat' dir='ltr'>pumilos</span> <span class='ocrx_word' id='word_1_56' title='bbox 1012 998 1313 1050; x_wconf 77' lang='lat' dir='ltr'>ferociores,</span> 
     </span>
    </p>

    <p class='ocr_par' dir='ltr' id='par_1_7' title="bbox 441 1070 1534 1286">
     <span class='ocr_line' id='line_1_14' title="bbox 442 1070 1534 1139; baseline 0.001 -17"><span class='ocrx_word' id='word_1_57' title='bbox 442 1070 558 1122; x_wconf 89' lang='lat' dir='ltr'>Iam</span> <span class='ocrx_word' id='word_1_58' title='bbox 595 1071 769 1123; x_wconf 84' lang='lat' dir='ltr'>noctis</span> <span class='ocrx_word' id='word_1_59' title='bbox 808 1071 1150 1139; x_wconf 86' lang='lat' dir='ltr'>propioribus</span> <span class='ocrx_word' id='word_1_60' title='bbox 1191 1072 1289 1123; x_wconf 91' lang='lat' dir='ltr'>sub</span> <span class='ocrx_word' id='word_1_61' title='bbox 1329 1072 1534 1124; x_wconf 89' lang='lat' dir='ltr'>umbris</span> 
     </span>
     <span class='ocr_line' id='line_1_15' title="bbox 441 1142 1503 1212; baseline 0.002 -17"><span class='ocrx_word' id='word_1_62' title='bbox 441 1142 607 1196; x_wconf 91' lang='lat' dir='ltr'>Diues</span> <span class='ocrx_word' id='word_1_63' title='bbox 647 1144 851 1212; x_wconf 86' lang='lat' dir='ltr'>sparsio</span> <span class='ocrx_word' id='word_1_64' title='bbox 892 1162 1026 1212; x_wconf 90' lang='lat' dir='ltr'>quos</span> <span class='ocrx_word' id='word_1_65' title='bbox 1068 1144 1185 1212; x_wconf 87' lang='lat' dir='ltr'>agit</span> <span class='ocrx_word' id='word_1_66' title='bbox 1221 1145 1503 1197; x_wconf 83' lang='lat' dir='ltr'>tumultus!</span> 
     </span>
     <span class='ocr_line' id='line_1_16' title="bbox 441 1216 1447 1286; baseline 0.001 -18"><span class='ocrx_word' id='word_1_67' title='bbox 441 1216 562 1268; x_wconf 91' lang='lat' dir='ltr'>Huc</span> <span class='ocrx_word' id='word_1_68' title='bbox 601 1217 809 1268; x_wconf 90' lang='lat' dir='ltr'>intrant</span> <span class='ocrx_word' id='word_1_69' title='bbox 844 1217 1031 1269; x_wconf 82' lang='lat' dir='ltr'>faciles</span> <span class='ocrx_word' id='word_1_70' title='bbox 1071 1217 1176 1268; x_wconf 87' lang='lat' dir='ltr'>cmi</span> <span class='ocrx_word' id='word_1_71' title='bbox 1213 1218 1447 1286; x_wconf 90' lang='lat' dir='ltr'>puellae,</span> 
     </span>
    </p>

    <p class='ocr_par' dir='ltr' id='par_1_8' title="bbox 441 1289 1616 1578">
     <span class='ocr_line' id='line_1_17' title="bbox 442 1289 1556 1358; baseline 0.002 -17"><span class='ocrx_word' id='word_1_72' title='bbox 442 1289 546 1346; x_wconf 89' lang='lat' dir='ltr'>Hic</span> <span class='ocrx_word' id='word_1_73' title='bbox 585 1290 893 1358; x_wconf 83' lang='lat' dir='ltr'>agnoscitur</span> <span class='ocrx_word' id='word_1_74' title='bbox 931 1308 1111 1358; x_wconf 92' lang='lat' dir='ltr'>omne,</span> <span class='ocrx_word' id='word_1_75' title='bbox 1151 1290 1292 1358; x_wconf 91' lang='lat' dir='ltr'>quod</span> <span class='ocrx_word' id='word_1_76' title='bbox 1329 1291 1556 1344; x_wconf 88' lang='lat' dir='ltr'>theatris</span> 
     </span>
     <span class='ocr_line' id='line_1_18' title="bbox 441 1362 1572 1431; baseline 0.003 -17"><span class='ocrx_word' id='word_1_77' title='bbox 441 1362 556 1414; x_wconf 88' lang='lat' dir='ltr'>Aut</span> <span class='ocrx_word' id='word_1_78' title='bbox 592 1363 768 1415; x_wconf 86' lang='lat' dir='ltr'>forma</span> <span class='ocrx_word' id='word_1_79' title='bbox 804 1364 980 1431; x_wconf 88' lang='lat' dir='ltr'>placet</span> <span class='ocrx_word' id='word_1_80' title='bbox 1017 1366 1111 1416; x_wconf 89' lang='lat' dir='ltr'>aut</span> <span class='ocrx_word' id='word_1_81' title='bbox 1146 1364 1406 1431; x_wconf 89' lang='lat' dir='ltr'>probatur</span> <span class='ocrx_word' id='word_1_82' title='bbox 1443 1367 1572 1417; x_wconf 89' lang='lat' dir='ltr'>arte.</span> 
     </span>
     <span class='ocr_line' id='line_1_19' title="bbox 441 1435 1616 1505; baseline 0.003 -18"><span class='ocrx_word' id='word_1_83' title='bbox 441 1435 560 1488; x_wconf 92' lang='lat' dir='ltr'>Hoc</span> <span class='ocrx_word' id='word_1_84' title='bbox 597 1436 860 1504; x_wconf 89' lang='lat' dir='ltr'>plaudunt</span> <span class='ocrx_word' id='word_1_85' title='bbox 897 1453 1060 1505; x_wconf 88' lang='lat' dir='ltr'>grege</span> <span class='ocrx_word' id='word_1_86' title='bbox 1098 1435 1295 1504; x_wconf 87' lang='lat' dir='ltr'>Lydiae</span> <span class='ocrx_word' id='word_1_87' title='bbox 1332 1440 1616 1505; x_wconf 83' lang='lat' dir='ltr'>tumenteS,</span> 
     </span>
     <span class='ocr_line' id='line_1_20' title="bbox 443 1508 1453 1578; baseline 0.002 -18"><span class='ocrx_word' id='word_1_88' title='bbox 443 1508 544 1561; x_wconf 87' lang='lat' dir='ltr'>Illo</span> <span class='ocrx_word' id='word_1_89' title='bbox 584 1509 828 1577; x_wconf 87' lang='lat' dir='ltr'>cymbala</span> <span class='ocrx_word' id='word_1_90' title='bbox 872 1509 1217 1578; x_wconf 88' lang='lat' dir='ltr'>tinnulaeque</span> <span class='ocrx_word' id='word_1_91' title='bbox 1257 1508 1453 1577; x_wconf 82' lang='lat' dir='ltr'>Gades3</span> 
     </span>
    </p>

    <p class='ocr_par' dir='ltr' id='par_1_9' title="bbox 439 1580 1636 2163">
     <span class='ocr_line' id='line_1_21' title="bbox 441 1580 1506 1652; baseline 0.002 -19"><span class='ocrx_word' id='word_1_92' title='bbox 441 1581 559 1634; x_wconf 90' lang='lat' dir='ltr'>Illic</span> <span class='ocrx_word' id='word_1_93' title='bbox 598 1582 815 1650; x_wconf 90' lang='lat' dir='ltr'>agmina</span> <span class='ocrx_word' id='word_1_94' title='bbox 851 1582 1189 1634; x_wconf 85' lang='lat' dir='ltr'>confremunt</span> <span class='ocrx_word' id='word_1_95' title='bbox 1227 1580 1506 1652; x_wconf 80' lang='lat' dir='ltr'>Syrorum,</span> 
     </span>
     <span class='ocr_line' id='line_1_22' title="bbox 439 1654 1594 1724; baseline 0.003 -18"><span class='ocrx_word' id='word_1_96' title='bbox 439 1654 545 1707; x_wconf 88' lang='lat' dir='ltr'>Hic</span> <span class='ocrx_word' id='word_1_97' title='bbox 582 1655 733 1723; x_wconf 89' lang='lat' dir='ltr'>plebs</span> <span class='ocrx_word' id='word_1_98' title='bbox 774 1656 983 1708; x_wconf 90' lang='lat' dir='ltr'>scenica</span> <span class='ocrx_word' id='word_1_99' title='bbox 1021 1656 1214 1724; x_wconf 91' lang='lat' dir='ltr'>quique</span> <span class='ocrx_word' id='word_1_100' title='bbox 1253 1657 1594 1709; x_wconf 91' lang='lat' dir='ltr'>comminutis</span> 
     </span>
     <span class='ocr_line' id='line_1_23' title="bbox 442 1728 1510 1797; baseline 0.003 -18"><span class='ocrx_word' id='word_1_101' title='bbox 442 1728 757 1780; x_wconf 89' lang='lat' dir='ltr'>Permutant</span> <span class='ocrx_word' id='word_1_102' title='bbox 794 1728 980 1780; x_wconf 89' lang='lat' dir='ltr'>uitreis</span> <span class='ocrx_word' id='word_1_103' title='bbox 1020 1729 1235 1797; x_wconf 88' lang='lat' dir='ltr'>gregale</span> <span class='ocrx_word' id='word_1_104' title='bbox 1274 1729 1510 1797; x_wconf 92' lang='lat' dir='ltr'>sulphur.</span> 
     </span>
     <span class='ocr_line' id='line_1_24' title="bbox 442 1800 1437 1869; baseline 0.002 -17"><span class='ocrx_word' id='word_1_105' title='bbox 442 1800 590 1852; x_wconf 90' lang='lat' dir='ltr'>Inter</span> <span class='ocrx_word' id='word_1_106' title='bbox 628 1819 762 1869; x_wconf 90' lang='lat' dir='ltr'>quae</span> <span class='ocrx_word' id='word_1_107' title='bbox 802 1801 980 1853; x_wconf 87' lang='lat' dir='ltr'>subito</span> <span class='ocrx_word' id='word_1_108' title='bbox 1020 1801 1218 1854; x_wconf 90' lang='lat' dir='ltr'>cadunt</span> <span class='ocrx_word' id='word_1_109' title='bbox 1254 1803 1437 1854; x_wconf 87' lang='lat' dir='ltr'>uolatu</span> 
     </span>
     <span class='ocr_line' id='line_1_25' title="bbox 444 1874 1608 1945; baseline 0.003 -20"><span class='ocrx_word' id='word_1_110' title='bbox 444 1874 744 1926; x_wconf 89' lang='lat' dir='ltr'>Immensae</span> <span class='ocrx_word' id='word_1_111' title='bbox 784 1875 1062 1926; x_wconf 90' lang='lat' dir='ltr'>uolucrum</span> <span class='ocrx_word' id='word_1_112' title='bbox 1099 1892 1195 1942; x_wconf 90' lang='lat' dir='ltr'>per</span> <span class='ocrx_word' id='word_1_113' title='bbox 1233 1878 1380 1927; x_wconf 91' lang='lat' dir='ltr'>astra</span> <span class='ocrx_word' id='word_1_114' title='bbox 1416 1876 1608 1945; x_wconf 87' lang='lat' dir='ltr'>nubes,</span> 
     </span>
     <span class='ocr_line' id='line_1_26' title="bbox 445 1945 1609 2017; baseline 0.002 -18"><span class='ocrx_word' id='word_1_115' title='bbox 445 1946 587 2009; x_wconf 81' lang='lat' dir='ltr'>Quas</span> <span class='ocrx_word' id='word_1_116' title='bbox 626 1945 786 1999; x_wconf 89' lang='lat' dir='ltr'>Nilus</span> <span class='ocrx_word' id='word_1_117' title='bbox 826 1965 975 1999; x_wconf 88' lang='lat' dir='ltr'>sacer</span> <span class='ocrx_word' id='word_1_118' title='bbox 1011 1947 1365 2017; x_wconf 89' lang='lat' dir='ltr'>horridusque</span> <span class='ocrx_word' id='word_1_119' title='bbox 1402 1948 1609 2017; x_wconf 83' lang='lat' dir='ltr'>Phasis,</span> 
     </span>
     <span class='ocr_line' id='line_1_27' title="bbox 446 2019 1636 2093; baseline 0.003 -21"><span class='ocrx_word' id='word_1_120' title='bbox 446 2019 588 2081; x_wconf 79' lang='lat' dir='ltr'>Quas</span> <span class='ocrx_word' id='word_1_121' title='bbox 627 2020 732 2072; x_wconf 91' lang='lat' dir='ltr'>udo</span> <span class='ocrx_word' id='word_1_122' title='bbox 771 2019 1034 2073; x_wconf 89' lang='lat' dir='ltr'>Numidae</span> <span class='ocrx_word' id='word_1_123' title='bbox 1073 2021 1263 2093; x_wconf 86' lang='lat' dir='ltr'>legunt</span> <span class='ocrx_word' id='word_1_124' title='bbox 1300 2022 1399 2074; x_wconf 90' lang='lat' dir='ltr'>sub</span> <span class='ocrx_word' id='word_1_125' title='bbox 1439 2026 1636 2076; x_wconf 80' lang='lat' dir='ltr'>austro,</span> 
     </span>
     <span class='ocr_line' id='line_1_28' title="bbox 443 2093 1536 2163; baseline 0.002 -18"><span class='ocrx_word' id='word_1_126' title='bbox 443 2093 653 2145; x_wconf 83' lang='lat' dir='ltr'>Desunt</span> <span class='ocrx_word' id='word_1_127' title='bbox 691 2094 782 2163; x_wconf 91' lang='lat' dir='ltr'>qui</span> <span class='ocrx_word' id='word_1_128' title='bbox 820 2094 1058 2162; x_wconf 81' lang='lat' dir='ltr'>rapiant,</span> <span class='ocrx_word' id='word_1_129' title='bbox 1097 2094 1351 2163; x_wconf 89' lang='lat' dir='ltr'>sinusque</span> <span class='ocrx_word' id='word_1_130' title='bbox 1388 2095 1536 2163; x_wconf 91' lang='lat' dir='ltr'>pleni</span> 
     </span>
    </p>
   </div>
   <div class='ocr_carea' id='block_1_6' title="bbox 445 2165 1665 2236">
    <p class='ocr_par' dir='ltr' id='par_1_10' title="bbox 445 2165 1665 2236">
     <span class='ocr_line' id='line_1_29' title="bbox 445 2165 1665 2236; baseline 0.003 -19"><span class='ocrx_word' id='word_1_131' title='bbox 445 2165 703 2235; x_wconf 83' lang='lat' dir='ltr'>Gaudent,</span> <span class='ocrx_word' id='word_1_132' title='bbox 742 2167 868 2218; x_wconf 92' lang='lat' dir='ltr'>dum</span> <span class='ocrx_word' id='word_1_133' title='bbox 906 2185 1048 2219; x_wconf 88' lang='lat' dir='ltr'>noua</span> <span class='ocrx_word' id='word_1_134' title='bbox 1084 2167 1239 2219; x_wconf 82' lang='lat' dir='ltr'>lucra·</span> <span class='ocrx_word' id='word_1_135' title='bbox 1273 2173 1665 2236; x_wconf 88' lang='lat' dir='ltr'>comparantur.</span> 
     </span>
    </p>
   </div>
   <div class='ocr_carea' id='block_1_7' title="bbox 444 2239 1574 2614">
    <p class='ocr_par' dir='ltr' id='par_1_11' title="bbox 447 2239 1519 2381">
     <span class='ocr_line' id='line_1_30' title="bbox 450 2239 1519 2310; baseline 0.003 -19"><span class='ocrx_word' id='word_1_136' title='bbox 450 2239 667 2292; x_wconf 86' lang='lat' dir='ltr'>Tollunt</span> <span class='ocrx_word' id='word_1_137' title='bbox 703 2240 1009 2292; x_wconf 88' lang='lat' dir='ltr'>innumeras</span> <span class='ocrx_word' id='word_1_138' title='bbox 1050 2240 1118 2292; x_wconf 93' lang='lat' dir='ltr'>ad</span> <span class='ocrx_word' id='word_1_139' title='bbox 1157 2243 1302 2292; x_wconf 89' lang='lat' dir='ltr'>astra</span> <span class='ocrx_word' id='word_1_140' title='bbox 1338 2259 1519 2310; x_wconf 79' lang='lat' dir='ltr'>uoceS,</span> 
     </span>
     <span class='ocr_line' id='line_1_31' title="bbox 447 2311 1366 2381; baseline 0.002 -17"><span class='ocrx_word' id='word_1_141' title='bbox 447 2311 757 2364; x_wconf 83' lang='lat' dir='ltr'>Saturnalia</span> <span class='ocrx_word' id='word_1_142' title='bbox 794 2313 1047 2380; x_wconf 88' lang='lat' dir='ltr'>principis</span> <span class='ocrx_word' id='word_1_143' title='bbox 1087 2316 1340 2366; x_wconf 86' lang='lat' dir='ltr'>sonantes</span> <span class='ocrx_word' id='word_1_144' title='bbox 1352 2356 1366 2381; x_wconf 92' lang='lat'>,</span> 
     </span>
    </p>

    <p class='ocr_par' dir='ltr' id='par_1_12' title="bbox 444 2385 1552 2585">
     <span class='ocr_line' id='line_1_32' title="bbox 444 2385 1528 2439; baseline 0.003 -3"><span class='ocrx_word' id='word_1_145' title='bbox 444 2385 518 2437; x_wconf 88' lang='lat' dir='ltr'>Et</span> <span class='ocrx_word' id='word_1_146' title='bbox 556 2385 695 2437; x_wconf 87' lang='lat' dir='ltr'>dulci</span> <span class='ocrx_word' id='word_1_147' title='bbox 734 2385 1008 2437; x_wconf 89' lang='lat' dir='ltr'>dominum</span> <span class='ocrx_word' id='word_1_148' title='bbox 1046 2386 1231 2437; x_wconf 87' lang='lat' dir='ltr'>fauore</span> <span class='ocrx_word' id='word_1_149' title='bbox 1270 2387 1528 2439; x_wconf 89' lang='lat' dir='ltr'>clamant:</span> 
     </span>
     <span class='ocr_line' id='line_1_33' title="bbox 444 2456 1426 2511; baseline 0.002 -2"><span class='ocrx_word' id='word_1_150' title='bbox 444 2458 562 2510; x_wconf 91' lang='lat' dir='ltr'>Hoc</span> <span class='ocrx_word' id='word_1_151' title='bbox 601 2459 771 2509; x_wconf 91' lang='lat' dir='ltr'>solum</span> <span class='ocrx_word' id='word_1_152' title='bbox 811 2458 983 2509; x_wconf 86' lang='lat' dir='ltr'>uetuit</span> <span class='ocrx_word' id='word_1_153' title='bbox 1019 2458 1176 2510; x_wconf 92' lang='lat' dir='ltr'>licere</span> <span class='ocrx_word' id='word_1_154' title='bbox 1216 2456 1426 2511; x_wconf 83' lang='lat' dir='ltr'>Caesar.</span> 
     </span>
     <span class='ocr_line' id='line_1_34' title="bbox 445 2530 1574 2614; baseline 0.002 -31"><span class='ocrx_word' id='word_1_155' title='bbox 445 2530 680 2584; x_wconf 87' lang='lat' dir='ltr'>Uixdum</span> <span class='ocrx_word' id='word_1_156' title='bbox 720 2531 934 2614; x_wconf 85' lang='lat' dir='ltr'>caerula</span> <span class='ocrx_word' id='word_1_157' title='bbox 970 2548 1079 2584; x_wconf 87' lang='lat' dir='ltr'>nox</span> <span class='ocrx_word' id='word_1_158' title='bbox 1117 2531 1332 2614; x_wconf 88' lang='lat' dir='ltr'>subibat</span> <span class='ocrx_word' id='word_1_159' title='bbox 1371 2533 1574 2603; x_wconf 86' lang='lat' dir='ltr'>orbem,</span> 
     </span>
    </p>
   </div>
   <div class='ocr_carea' id='block_1_8' title="bbox 185 2651 579 2658">
    <p class='ocr_par' dir='ltr' id='par_1_13' title="bbox 185 2651 579 2658">
     <span class='ocr_line' id='line_1_35' title="bbox 185 2651 579 2658; baseline 0 448"><span class='ocrx_word' id='word_1_160' title='bbox 185 2651 579 2658; x_wconf 95' lang='lat' dir='ltr'> </span> 
     </span>
    </p>
   </div>
   <div class='ocr_carea' id='block_1_9' title="bbox 181 2713 1953 2893">
    <p class='ocr_par' dir='ltr' id='par_1_14' title="bbox 181 2713 1953 2893">
     <span class='ocr_line' id='line_1_36' title="bbox 301 2713 1953 2776; baseline 0.002 -13"><span class='ocrx_word' id='word_1_161' title='bbox 301 2724 356 2763; x_wconf 88' lang='lat'>54</span> <span class='ocrx_word' id='word_1_162' title='bbox 398 2719 461 2763; x_wconf 90' lang='lat' dir='ltr'>Ut</span> <span class='ocrx_word' id='word_1_163' title='bbox 499 2723 527 2761; x_wconf 81' lang='lat' dir='ltr'>c</span> <span class='ocrx_word' id='word_1_164' title='bbox 559 2734 607 2762; x_wconf 82' lang='lat' dir='ltr'>a.</span> <span class='ocrx_word' id='word_1_165' title='bbox 646 2719 708 2763; x_wconf 91' lang='lat' dir='ltr'>Et</span> <span class='ocrx_word' id='word_1_166' title='bbox 746 2719 843 2763; x_wconf 83' lang='lat' dir='ltr'>edd.</span> <span class='ocrx_word' id='word_1_167' title='bbox 883 2719 899 2776; x_wconf 84' lang='grc' dir='ltr'>ΙΙ</span> <span class='ocrx_word' id='word_1_168' title='bbox 936 2722 991 2763; x_wconf 83' lang='grc'>58</span> <span class='ocrx_word' id='word_1_169' title='bbox 1032 2719 1210 2764; x_wconf 83' lang='lat' dir='ltr'>statura</span> <span class='ocrx_word' id='word_1_170' title='bbox 1248 2718 1439 2764; x_wconf 76' lang='lat' dir='ltr'>Guietus</span> <span class='ocrx_word' id='word_1_171' title='bbox 1475 2721 1482 2776; x_wconf 88' lang='grc' dir='ltr'>Ι</span> <span class='ocrx_word' id='word_1_172' title='bbox 1522 2723 1733 2776; x_wconf 86' lang='lat' dir='ltr'>peractos</span> <span class='ocrx_word' id='word_1_173' title='bbox 1774 2713 1953 2772; x_wconf 56' lang='grc' dir='ltr'>Θνοηοῦ</span> 
     </span>
     <span class='ocr_line' id='line_1_37' title="bbox 181 2778 1949 2837; baseline 0.001 -15"><span class='ocrx_word' id='word_1_174' title='bbox 181 2778 289 2822; x_wconf 72' lang='lat' dir='ltr'>‘wius</span> <span class='ocrx_word' id='word_1_175' title='bbox 326 2779 341 2832; x_wconf 79' lang='grc' dir='ltr'>ΙΙ</span> <span class='ocrx_word' id='word_1_176' title='bbox 380 2782 434 2821; x_wconf 88' lang='grc'>60</span> <span class='ocrx_word' id='word_1_177' title='bbox 466 2791 657 2822; x_wconf 89' lang='lat' dir='ltr'>munera</span> <span class='ocrx_word' id='word_1_178' title='bbox 686 2778 871 2834; x_wconf 78' lang='lat' dir='ltr'>scripsi:</span> <span class='ocrx_word' id='word_1_179' title='bbox 908 2778 1102 2822; x_wconf 89' lang='lat' dir='ltr'>uulnera</span> <span class='ocrx_word' id='word_1_180' title='bbox 1133 2783 1161 2820; x_wconf 83' lang='lat' dir='ltr'>c</span> <span class='ocrx_word' id='word_1_181' title='bbox 1192 2793 1219 2820; x_wconf 78' lang='lat' dir='ltr'>a</span> <span class='ocrx_word' id='word_1_182' title='bbox 1255 2779 1271 2834; x_wconf 85' lang='grc' dir='ltr'>ΙΙ</span> <span class='ocrx_word' id='word_1_183' title='bbox 1309 2783 1363 2822; x_wconf 90' lang='grc'>61</span> <span class='ocrx_word' id='word_1_184' title='bbox 1397 2793 1489 2835; x_wconf 90' lang='lat' dir='ltr'>qua</span> <span class='ocrx_word' id='word_1_185' title='bbox 1513 2780 1895 2837; x_wconf 70' lang='lat' dir='ltr'>Auantius:qua1</span> <span class='ocrx_word' id='word_1_186' title='bbox 1948 2801 1949 2807; x_wconf 46' lang='lat'>1</span> 
     </span>
     <span class='ocr_line' id='line_1_38' title="bbox 183 2835 1795 2893; baseline 0.001 -14"><span class='ocrx_word' id='word_1_187' title='bbox 183 2842 211 2879; x_wconf 85' lang='lat' dir='ltr'>c</span> <span class='ocrx_word' id='word_1_188' title='bbox 243 2852 269 2879; x_wconf 83' lang='lat' dir='ltr'>a</span> <span class='ocrx_word' id='word_1_189' title='bbox 292 2837 307 2893; x_wconf 76' lang='grc' dir='ltr'>ΙΙ</span> <span class='ocrx_word' id='word_1_190' title='bbox 332 2842 386 2881; x_wconf 83' lang='grc'>70</span> <span class='ocrx_word' id='word_1_191' title='bbox 418 2835 635 2880; x_wconf 84' lang='lat' dir='ltr'>timentes</span> <span class='ocrx_word' id='word_1_192' title='bbox 668 2841 696 2878; x_wconf 79' lang='lat'><strong>0</strong></span> <span class='ocrx_word' id='word_1_193' title='bbox 727 2852 767 2893; x_wconf 78' lang='lat' dir='ltr'>a,</span> <span class='ocrx_word' id='word_1_194' title='bbox 799 2850 912 2882; x_wconf 82' lang='lat' dir='ltr'>corr.</span> <span class='ocrx_word' id='word_1_195' title='bbox 944 2836 1077 2881; x_wconf 85' lang='lat' dir='ltr'>Dom.</span> <span class='ocrx_word' id='word_1_196' title='bbox 1101 2837 1117 2892; x_wconf 86' lang='grc' dir='ltr'>ΙΙ</span> <span class='ocrx_word' id='word_1_197' title='bbox 1142 2841 1192 2880; x_wconf 82' lang='lat'>71</span> <span class='ocrx_word' id='word_1_198' title='bbox 1228 2836 1314 2881; x_wconf 89' lang='lat' dir='ltr'>Illo</span> <span class='ocrx_word' id='word_1_199' title='bbox 1347 2838 1545 2882; x_wconf 53' lang='lat' dir='ltr'>Marklx</span> <span class='ocrx_word' id='word_1_200' title='bbox 1575 2838 1677 2883; x_wconf 91' lang='lat' dir='ltr'>Illic</span> <span class='ocrx_word' id='word_1_201' title='bbox 1709 2844 1737 2881; x_wconf 84' lang='lat' dir='ltr'>c</span> <span class='ocrx_word' id='word_1_202' title='bbox 1768 2855 1795 2881; x_wconf 79' lang='lat' dir='ltr'>a.</span> 
     </span>
    </p>
   </div>
   <div class='ocr_carea' id='block_1_10' title="bbox 1888 356 1942 394">
    <p class='ocr_par' dir='ltr' id='par_1_15' title="bbox 1888 356 1942 394">
     <span class='ocr_line' id='line_1_39' title="bbox 1888 356 1942 394; baseline 0 0"><span class='ocrx_word' id='word_1_203' title='bbox 1888 356 1942 394; x_wconf 85' lang='lat'>55</span> 
     </span>
    </p>
   </div>
   <div class='ocr_carea' id='block_1_11' title="bbox 1890 721 1946 761">
    <p class='ocr_par' dir='ltr' id='par_1_16' title="bbox 1890 721 1946 761">
     <span class='ocr_line' id='line_1_40' title="bbox 1890 721 1946 761; baseline 0.036 -2"><span class='ocrx_word' id='word_1_204' title='bbox 1890 721 1946 761; x_wconf 88' lang='grc'>60</span> 
     </span>
    </p>
   </div>
   <div class='ocr_carea' id='block_1_12' title="bbox 1891 1089 1945 1127">
    <p class='ocr_par' dir='ltr' id='par_1_17' title="bbox 1891 1089 1945 1127">
     <span class='ocr_line' id='line_1_41' title="bbox 1891 1089 1945 1127; baseline 0.019 -1"><span class='ocrx_word' id='word_1_205' title='bbox 1891 1089 1945 1127; x_wconf 86' lang='grc'>65</span> 
     </span>
    </p>
   </div>
   <div class='ocr_carea' id='block_1_13' title="bbox 1894 1454 1988 1494">
    <p class='ocr_par' dir='ltr' id='par_1_18' title="bbox 1894 1454 1988 1494">
     <span class='ocr_line' id='line_1_42' title="bbox 1894 1454 1988 1494; baseline -0.011 -1"><span class='ocrx_word' id='word_1_206' title='bbox 1894 1454 1955 1494; x_wconf 82' lang='grc'>70·</span> <span class='ocrx_word' id='word_1_207' title='bbox 1986 1488 1988 1491; x_wconf 97' lang='grc'>.</span> 
     </span>
    </p>
   </div>
   <div class='ocr_carea' id='block_1_14' title="bbox 1917 0 1988 3106">
    <p class='ocr_par' dir='ltr' id='par_1_19' title="bbox 1917 0 1988 3106">
     <span class='ocr_line' id='line_1_43' title="bbox 1917 0 1988 3106; baseline 0 0"><span class='ocrx_word' id='word_1_208' title='bbox 1917 0 1988 3106; x_wconf 95' lang='lat' dir='ltr'>   </span> 
     </span>
    </p>
   </div>
  </div>
 </body>
</html>
