2020 3106
626 121 1032 169 ACHILLEIDOS
1064 121 1116 165 L.
1148 122 1183 166 Ι.
1686 118 1757 171 23

217 247 320 302 Sed
336 263 662 318 quamquam
681 247 735 298 et
753 243 953 313 gemini
970 242 1175 312 pariter
1192 260 1287 295 sua
1302 240 1450 294 bella
1473 242 1759 309 capessant

67 322 291 377 Atridae
329 320 639 390 famamque
680 317 839 371 avida
877 317 1077 370 virtute
1118 318 1402 385 paternam

65 395 302 467 Tydides
343 393 738 463 Sthenelusque
778 394 1050 461 premant,
1089 407 1188 442 nec
1228 389 1435 458 cogitet
1475 406 1646 441 annos

69 468 392 531 Antilochus
434 470 747 537 septemque
786 465 929 518 Aiax
968 464 1202 517 umbone
1242 465 1486 516 coruscet
1672 474 1760 514 470

63 542 310 598 Armenti
348 559 504 611 reges
545 543 704 610 atque
744 557 975 609 aequum
1014 538 1296 591 moenibus
1336 537 1544 605 orbem,

66 615 427 686 consiliisque
467 615 737 684 armisque
776 613 910 683 vigil
951 611 1243 666 contendat
1281 609 1491 664 Ulixes:

66 691 252 746 Omnis
290 691 349 744 in
389 690 670 743 absentem
709 687 839 741 belli
877 705 1069 740 manus
1111 685 1263 739 ardet
1301 683 1597 751 Achillem,

64 762 280 819 Nomen
317 763 548 818 Achillis
596 764 803 831 amant,
851 763 906 813 et
955 761 1012 813 in
1053 759 1291 812 Hectora
1329 759 1476 811 solus
1518 756 1762 811 Achilles

66 837 329 908 Poscitur,
359 838 515 891 illum
548 855 715 890 unum
741 834 962 888 Teucris
989 834 1314 902 Priamoque
1339 833 1635 902 loquuntur
1675 844 1761 884 475

64 911 325 966 Fatalem.
402 910 534 975 Quis
576 910 719 963 enim
757 908 1079 962 Haemoniis
1119 907 1217 960 sub
1259 906 1494 959 vallibus
1535 906 1676 958 alter

69 982 315 1040 Creverit
354 985 548 1039 effossa
586 987 808 1054 reptans
848 982 1010 1036 nive?
1088 979 1253 1034 Cuius
1295 980 1516 1033 adortus

69 1058 249 1114 Cruda
287 1059 593 1113 rudimenta
633 1061 688 1110 et
725 1061 940 1110 teneros
979 1055 1298 1109 formaverit
1337 1073 1507 1107 annos

67 1131 408 1188 Centaurus?
483 1131 660 1185 Patrii
699 1132 921 1201 propior
961 1131 1047 1183 cui
1087 1130 1230 1182 linea
1269 1129 1428 1197 caeli,

68 1206 300 1270 Quemve
340 1207 507 1260 alium
547 1204 765 1276 Stygios
805 1204 994 1257 tulerit
1034 1206 1240 1257 secreta
1278 1221 1374 1272 per
1413 1220 1598 1255 amnes
1675 1214 1764 1254 480

65 1280 257 1335 Nereis
298 1283 353 1334 et
388 1278 644 1351 pulchros
683 1279 825 1333 ferro
865 1277 1258 1347 praestruxerit
1297 1276 1485 1330 artus?

66 1353 216 1408 Haec
256 1354 449 1408 Graiae
490 1353 682 1407 castris
721 1354 922 1406 iterant
962 1351 1286 1420 traduntque
1327 1350 1593 1403 cohortes.

71 1426 228 1482 Cedit
263 1428 426 1482 turba
465 1427 660 1481 ducum
701 1427 952 1496 vincique
991 1425 1126 1478 haut
1164 1427 1374 1478 maesta
1411 1424 1631 1476 fatetur.

218 1499 306 1556 Sic
345 1520 467 1556 cum
505 1501 752 1571 palantes
790 1500 1094 1570 Phlegraea
1131 1499 1189 1551 in
1228 1501 1409 1552 castra
1449 1497 1658 1551 coirent

71 1573 370 1630 Caelicolae
408 1575 622 1645 iamque
662 1574 951 1643 Odrysiam
991 1572 1257 1627 Gradivus
1296 1573 1354 1625 in
1392 1572 1609 1624 hastam
1656 1584 1765 1635 Ι485

74 1646 328 1720 Surgeret
364 1652 419 1703 et
456 1648 690 1719 Libycos
730 1649 983 1702 Tritonia
1019 1647 1240 1700 tolleret
1279 1664 1484 1716 angues

13 1741 16 1749 ¹
73 1722 461 1793 Ingentemque
499 1742 663 1776 manu
701 1725 950 1777 curvaret
990 1721 1178 1774 Delius
1218 1738 1424 1789 arcum,

78 1794 272 1849 Stabat
310 1795 504 1850 anhela
541 1800 687 1852 metu
729 1796 906 1850 solum
943 1795 1154 1850 Natura
1193 1794 1499 1848 Tonantem

76 1867 414 1937 Respiciens:
453 1870 666 1939 quando
705 1870 798 1923 ille
836 1869 1042 1922 hiemes
1081 1868 1425 1937 tonitrusque
1466 1869 1686 1921 vocaret

76 1940 342 2011 Nubibus,
379 1943 667 2013 igniferam
705 1945 838 2012 quot
874 1942 1104 1995 fulmina
1135 1946 1386 2011 posceret
1418 1941 1646 1994 Aetnen.
1678 1954 1766 1994 490

9 2028 11 2030 ’
225 2014 404 2085 Atque
441 2016 520 2068 ibi
559 2017 686 2069 dum
723 2015 895 2068 mixta
933 2016 1127 2069 vallati
1164 2016 1322 2083 plebe
1362 2034 1582 2068 suorum

11 2091 15 2094 ’
77 2088 152 2142 Et
187 2089 352 2142 maris
392 2091 448 2141 et
483 2089 614 2142 belli
652 2089 964 2142 consultant
999 2092 1248 2157 tempora
1285 2105 1439 2157 reges
1448 2131 1463 2157 ‚

196 2209 282 2249 467
316 2218 597 2260 quamquam
636 2205 684 2249 et
714 2203 891 2261 gemini
916 2207 954 2246 A
996 2218 1282 2260 quamquam
1313 2203 1489 2260 gemini
1520 2208 1565 2246 Π
1591 2203 1599 2261 Ι
1625 2204 1768 2249 laces-

79 2265 184 2308 sant
215 2263 434 2308 Menkius
455 2265 472 2320 ιΙ
494 2267 580 2307 468
607 2263 746 2308 avida
768 2267 801 2305 P
825 2262 952 2308 avidi
975 2264 1108 2308 ceteri
1134 2266 1141 2320 Ι
1167 2264 1366 2320 paterna
1390 2262 1522 2321 G²D11
1548 2268 1633 2308 469
1666 2277 1770 2320 pre-

79 2323 179 2367 mat
191 2326 225 2365 P
239 2321 255 2381 Η
271 2327 357 2367 471
372 2322 794 2378 Inter-punctionem
810 2323 989 2367 correxi
1011 2322 1226 2367 Armenti
1240 2337 1388 2378 reges,
1405 2324 1548 2378 atque
1566 2336 1771 2379 aequum

80 2381 323 2426 moenibus
347 2381 508 2426 orbem
531 2380 735 2426 consiliis
759 2382 875 2426 dant
897 2382 995 2427 edd.
1019 2383 1036 2438 ΙΙ
1059 2386 1145 2426 472
1171 2380 1477 2437 Consiliisque
1499 2385 1583 2424 AG
1614 2381 1771 2426 Consi-

79 2438 156 2485 liis
185 2444 231 2483 1
261 2440 359 2485 edd.
383 2441 400 2497 ΙΙ
423 2445 509 2485 476
542 2439 726 2485 valibus
757 2444 789 2482 P
812 2442 828 2498 ΙΙ
852 2445 937 2485 477
970 2441 1030 2484 ad
1063 2442 1191 2485 ortus
1215 2445 1248 2483 P
1279 2441 1472 2485 adortus
1496 2441 1554 2482 (3²
1579 2441 1638 2485 ab
1665 2443 1772 2486 ortu

0 2534 2 2550 ἦ
79 2500 193 2542 1²01
222 2499 318 2544 edd.
354 2501 371 2557 ΙΙ
404 2503 488 2544 481
522 2499 665 2551 Nerei
690 2503 724 2542 P
750 2501 757 2553 Ι
783 2499 1118 2556 praestruxerit
1143 2503 1182 2543 A
1212 2499 1343 2545 Leid.
1374 2499 1702 2556 perstrinxerit
1723 2504 1770 2542 1

112 2557 431 2603 raestrinxerit
451 2558 685 2616 Queckius.
719 2558 790 2613 Cf.
817 2559 946 2603 Mus.
970 2558 1115 2603 Rhen.
1143 2559 1305 2602 XXX
1326 2573 1376 2614 p.
1401 2562 1492 2603 475
1514 2560 1532 2615 ΙΙ
1554 2564 1642 2603 484
1668 2559 1769 2615 pal-

158 2618 229 2662 tes
260 2620 299 2660 A
328 2617 458 2662 Laid.
482 2623 518 2660 1)
552 2617 781 2661 bellantes
811 2621 936 2671 PGH
965 2618 1197 2675 pallantes
1220 2624 1241 2660 t
1270 2618 1484 2674 palantes
1515 2617 1624 2662 Αἶά.
1655 2617 1769 2661 Ber-

0 2699 2 2737 ss
81 2678 202 2720 nm.
232 2675 458 2720 Bao-thius
487 2678 503 2733 ΙΙ
544 2681 630 2721 486
660 2675 863 2733 lybricos
889 2681 923 2719 P
960 2678 976 2734 ΙΙ
1015 2681 1101 2722 488
1135 2677 1235 2721 sola
1258 2681 1291 2718 P
1323 2677 1472 2721 solum
1503 2677 1599 2720 iam
1630 2676 1772 2720 turba

82 2731 388 2779 Baehrensius
410 2736 427 2792 ΙΙ
449 2739 536 2779 490
561 2740 602 2779 et
625 2740 711 2779 491
735 2736 789 2778 in
809 2739 843 2777 P
873 2736 992 2781 inter
1014 2749 1060 2780 se
1082 2736 1354 2791 transpositi
1369 2739 1477 2779 sunt
1499 2737 1515 2791 ΙΙ
1538 2740 1624 2779 490
1646 2735 1772 2791 quod

82 2789 278 2838 fulmina
311 2793 412 2836 PG²
451 2795 566 2851 quot
596 2793 795 2838 fulmina
824 2794 954 2841 Leid.
990 2809 1064 2851 pr.
1097 2809 1154 2839 m.
1187 2808 1278 2851 quo
1319 2793 1519 2838 fulmina
1549 2798 1607 2836 Po
1650 2808 1771 2851 quae

86 2849 280 2897 fulmina
309 2857 355 2895 Μ
382 2853 389 2910 Ι
415 2853 598 2898 Aetnen
620 2857 654 2895 P
686 2851 851 2898 ethnen
871 2852 929 2896 <3⁹
959 2854 1161 2898 Aetnam
1190 2857 1302 2896 Pon
1323 2854 1340 2909 ΙΙ
1363 2857 1449 2897 491
1481 2853 1621 2910 plebo
1653 2858 1687 2896 P
