2020 3106
253 129 285 182 8
833 128 881 173 Ρ.
914 127 1142 173 PAPINII
1173 127 1366 174 STATII

253 248 562 319 Oedipodae
603 250 805 303 sedisse
843 251 976 303 loco.
1055 249 1170 303 Iam
1211 253 1355 303 sorte
1395 250 1621 304 cadebat
1978 299 1983 307 Δ

251 323 468 377 Dilatus
508 323 781 392 Polynicis
820 323 1008 377 honos,
1086 323 1216 386 Quis
1255 327 1384 378 tunc
1422 324 1547 393 tibi,
1589 341 1766 394 saeve,
1858 338 1940 378 165
1972 326 1982 361 ἦ

251 396 384 459 Quis
424 397 529 450 fuit
566 398 660 450 ille
700 397 833 467 dies,
871 417 1044 452 vacua
1081 416 1202 451 cum
1243 399 1389 451 solus
1428 399 1486 451 in
1524 398 1649 451 aula

253 471 568 540 Respiceres
607 471 692 524 ius
732 489 890 524 omne
929 475 1082 524 tuum
1120 475 1444 541 cunctosque
1482 471 1741 541 minores,

252 545 328 598 Et
365 564 632 614 nusquam
669 564 769 614 par
809 548 953 598 stare
993 546 1192 616 caput?
1252 545 1370 598 Iam
1409 564 1686 599 murmura
1720 548 1942 614 serpunt

253 619 435 672 Plebis
474 618 794 688 Echioniae,
833 620 1167 689 tacitumque
1207 639 1239 673 a
1276 619 1520 689 principe
1558 619 1754 688 vulgus

253 692 516 762 Dissidet,
558 696 632 762 et,
674 693 766 762 qui
805 711 922 746 mos
961 694 1199 763 populis,
1237 697 1493 747 venturus
1533 697 1760 746 amatur.
1854 706 1938 746 170

254 767 434 836 Atque
476 767 695 836 aliquis,
735 768 820 819 cui
859 785 1008 820 mens
1048 767 1243 821 humili
1281 768 1504 821 laesisse
1543 785 1746 820 veneno

254 839 475 893 Summa
512 859 612 894 nec
651 841 936 909 impositos
975 860 1234 912 umquam
1272 842 1475 895 cervice
1514 841 1720 895 volenti

250 914 411 967 Ferre
452 915 634 984 duces,
674 913 926 968 ‘Hancne
966 914 1221 986 Ogygiis'
1262 916 1361 986 ait,
1402 915 1620 984 ‘aspera
1657 915 1818 968 rebus

249 987 390 1042 Fata
429 988 602 1041 tulere
641 989 838 1058 vicem,
875 990 1078 1042 totiens
1120 992 1331 1043 mutare
1368 989 1637 1043 timendos

248 1063 585 1132 Alternoque
624 1063 752 1132 iugo
793 1063 1102 1117 dubitantia
1141 1063 1366 1117 subdere
1406 1062 1581 1116 colla?
1855 1074 1938 1115 175

246 1135 446 1190 Partiti
484 1141 703 1190 versant
740 1137 1063 1207 populorum
1103 1137 1219 1191 fata
1257 1155 1526 1207 manuque

251 1209 550 1263 Fortunam
588 1210 762 1263 fecere
800 1211 989 1264 levem.
1067 1210 1358 1281 Semperne
1396 1211 1637 1264 vicissim

249 1282 518 1338 Exulibus
560 1285 759 1338 servire
800 1284 1004 1339 dabor?
1042 1285 1168 1355 tibi,
1208 1303 1416 1339 summe
1455 1285 1676 1339 deorum

252 1358 649 1428 Terrarumque
690 1362 861 1428 sator,
901 1360 1064 1413 sociis
1102 1359 1242 1414 hanc
1282 1359 1474 1413 addere
1512 1362 1748 1412 mentem

250 1430 440 1486 Sedit?
504 1433 592 1485 An
631 1433 756 1486 inde
795 1437 951 1486 vetus
991 1433 1194 1487 Thebis
1234 1433 1542 1487 extenditur
1580 1450 1761 1502 omen,
1857 1446 1940 1486 180

247 1506 334 1559 Ex
374 1525 478 1576 quo
521 1505 731 1560 Sidonii
769 1508 1102 1576 nequiquam
1141 1507 1343 1561 blanda
1381 1507 1589 1560 iuvenci

249 1579 499 1633 Pondera
539 1578 834 1649 Carpathio
875 1581 1053 1634 iussus
1095 1582 1208 1634 sale
1248 1599 1504 1650 quaerere
1544 1579 1777 1634 Cadmus

250 1653 393 1707 Exul
424 1654 709 1724 Hyanteos
748 1654 958 1707 invenit
995 1673 1165 1725 regna
1201 1673 1300 1725 per
1338 1672 1523 1725 agr08‚

251 1727 646 1798 Fraternasque
686 1728 827 1781 acies
866 1728 1011 1781 fetae
1049 1729 1261 1782 telluris
1299 1728 1455 1782 hiatu

248 1802 553 1871 Augurium
593 1820 739 1855 seros
780 1802 983 1855 dimisit
1022 1802 1090 1856 ad
1127 1820 1296 1872 usque
1335 1802 1595 1871 nepotes?
1854 1814 1937 1856 185
2019 1795 2020 1800 ¹

250 1874 458 1946 CerniS‚
498 1879 560 1929 ut
608 1878 786 1929 erecta
824 1879 1041 1930 torvum
1082 1877 1181 1930 sub
1222 1877 1399 1930 fronte
1438 1877 1672 1929 minetur

251 1948 473 2004 Saevior
513 1950 810 2020 adsurgens
851 1950 1070 2019 dempto
1111 1953 1360 2004 consorte
1398 1952 1658 2019 potestas,

251 2023 396 2086 Quas
435 2025 580 2094 gerit
619 2042 710 2077 ore
749 2023 939 2093 minaS,
980 2028 1185 2094 quanto
1225 2024 1426 2093 premit
1465 2024 1648 2078 omnia
1684 2023 1852 2077 fastu!

247 2097 421 2151 Hicne
460 2116 718 2167 umquam
755 2098 999 2167 privatus
1040 2098 1180 2152 erit?
1220 2098 1428 2151 Tamen
1465 2098 1555 2151 ille
1593 2098 1835 2167 precanti

251 2171 401 2225 Mitis
443 2176 497 2226 et
537 2172 725 2225 adfatu
764 2173 938 2225 bonus
979 2175 1034 2225 et
1070 2172 1365 2242 patientior
1404 2172 1575 2241 aequi.
1856 2185 1938 2224 190

252 2245 390 2308 Quid
428 2246 662 2299 mirum?
703 2244 830 2299 Non
869 2247 1016 2299 solus
1057 2251 1189 2300 erat.
1264 2245 1402 2315 Nos,
1442 2246 1566 2299 vilis
1605 2246 1662 2298 in
1702 2263 1886 2299 omnes

373 2411 456 2450 164
482 2421 549 2462 sq.
600 2405 715 2450 ‘iam
739 2432 795 2438 —
819 2406 988 2450 honos'
1025 2405 1199 2451 schol.
1247 2406 1390 2451 Theb.
1435 2405 1457 2449 Ι
1499 2411 1584 2450 312
1616 2420 1660 2461 p.
1702 2411 1760 2450 20
1798 2405 1845 2448 L.
1881 2431 1935 2436 —-

252 2469 337 2510 173
363 2479 427 2520 sq.
466 2464 683 2523 ‘Ogygiis
707 2490 766 2497 —
789 2464 960 2509 vicem’
998 2465 1171 2510 schol.
1202 2464 1347 2513 Theb.
1379 2465 1423 2509 II
1455 2469 1510 2510 85
1542 2480 1586 2522 p.
1620 2469 1677 2509 48
1709 2464 1756 2508 L.

369 2616 456 2658 164
499 2614 604 2657 toro
653 2613 936 2659 Schraderus
971 2615 977 2669 Ι
1013 2614 1205 2658 carebat
1250 2615 1399 2670 codd„
1455 2627 1567 2660 corr.
1613 2612 1893 2658 Bernartius
1923 2612 1939 2670 ΙΙ

250 2676 337 2715 174
368 2670 515 2716 Pacta
545 2677 587 2717 et
618 2677 703 2718 177
735 2673 926 2717 brevem
955 2673 1266 2719 Baehrens-ius
1303 2675 1319 2730 ΙΙ
1359 2678 1442 2718 179
1475 2670 1628 2716 caecis
1669 2671 1892 2716 Gruterus
1925 2671 1938 2728 Η

252 2735 335 2775 181
365 2730 583 2775 Sidonius
607 2732 935 2778 Lachmawnus
957 2735 972 2789 ΙΙ
999 2737 1083 2777 184
1105 2732 1264 2777 hiatus
1284 2732 1610 2778 Lachmannus
1633 2732 1647 2787 ΙΙ
1674 2735 1757 2775 186
1783 2731 1941 2774 erecta

252 2790 439 2835 torvum
468 2791 779 2836 Baehrensius
811 2793 1015 2836 erectum
1045 2793 1183 2836 torua
1212 2793 1340 2839 codd.
1372 2793 1427 2836 ut
1457 2804 1482 2835 e
1512 2789 1633 2834 rictu
1662 2790 1711 2834 O.
1743 2789 1939 2833 Muelle-

244 2863 325 2893 rus
354 2851 370 2905 ΙΙ
406 2854 489 2894 190
522 2848 666 2894 effatu
695 2854 755 2894 Br
