1988 3106
71 1527 79 1534 .
162 1483 330 1535 Linea
369 1499 504 1551 quae
541 1483 776 1533 ueterem
806 1481 966 1550 longe
1003 1479 1238 1533 fateatur
1275 1479 1545 1549 Apellem‚

165 192 272 243 114
774 191 824 235 P.
857 190 1087 234 PAPINII
1120 189 1317 234 STATII

164 312 348 365 Sermo
387 311 689 378 hilaresque
728 310 834 362 ieci
875 309 1173 363 brumalem
1212 310 1488 363 absumere
1526 314 1740 364 noctem

164 385 457 439 Suaserunt
494 383 811 451 mollemque
851 384 1017 435 oculis
1057 384 1316 451 expellere
1355 402 1617 452 somnum,

160 458 347 511 Donec
387 458 454 510 ab
492 456 691 525 Elysiis
731 456 1006 524 prospexit
1044 456 1256 509 sedibus
1297 457 1433 508 alter
1878 471 1932 511 15

162 531 354 585 Castor
391 537 445 582 et
482 530 763 582 hesternas
802 529 923 581 risit
961 529 1217 582 Tithonia
1254 548 1485 582 mensas,

163 604 207 657 O
251 606 396 657 bona
432 603 562 655 nox!
602 602 887 671 iunctaque
926 603 1134 654 utinam
1173 602 1457 671 Tirynthia
1494 603 1643 655 luna!

161 677 284 730 Nox
323 680 376 729 et
412 675 731 744 Erythraeis
770 675 1011 728 Thetidis
1051 676 1316 745 signanda
1353 676 1551 744 lapillis

146 751 235 804 -Et
272 749 620 803 memoranda
658 748 748 800 diu
786 749 1103 818 geniumque
1142 749 1394 801 habitura
1431 752 1746 817 perennem!
1972 811 1974 815 v

161 824 311 876 Mille
350 823 426 875 ibi
463 825 593 874 tunc
633 822 837 890 species
876 822 1117 890 aerisque
1158 823 1438 890 eborisque
1477 823 1680 875 uetusti
1878 838 1934 878 20
1947 811 1988 861 3

165 898 340 966 Atque
379 898 652 948 locuturas
691 895 918 947 mentito
959 913 1180 963 corpore
1220 913 1367 948 ceras
1950 893 1975 968 ’ξ

160 970 387 1023 Edidici.
441 969 559 1038 quis
597 986 827 1038 namque
868 969 1034 1021 oculis
1074 969 1362 1021 certauerit
1399 987 1625 1037 usquam
1956 968 1958 971 ’

162 1043 422 1112 Uindicis,
461 1041 726 1094 artificum
764 1044 974 1094 ueteres
1015 1059 1305 1111 agnoscere
1345 1042 1532 1094 ductus

162 1117 237 1169 Et
274 1135 385 1169 non
422 1116 697 1183 inscriptis
738 1117 1009 1167 auctorem
1047 1114 1264 1167 reddere
1304 1115 1516 1184 signis?
1959 1168 1962 1171 ⁴

161 1190 264 1242 Hic
301 1190 404 1242 tibi
443 1207 577 1258 quae
617 1188 774 1241 docto
814 1189 1043 1240 multum
1080 1187 1306 1257 uigilata
1343 1185 1558 1256 Myroni
1881 1204 1960 1250 25,-

162 1263 320 1330 Aera,
358 1261 632 1315 laboriferi
669 1262 857 1313 uiuant
895 1279 1031 1329 quae
1069 1279 1339 1314 marmora
1377 1262 1522 1314 caelo
1950 1273 1960 1288 ⁵

162 1336 465 1401 Praxitelis,
504 1335 646 1404 quod
685 1335 816 1386 ebur
853 1333 1047 1387 Pisaeo
1085 1334 1275 1402 pollice
1313 1353 1509 1398 rasum,

164 1410 319 1472 Quod
357 1408 680 1477 Polycleteis
719 1408 926 1460 iussum
966 1407 1170 1476 spirare
1210 1408 1447 1474 caminiS‚

162 1555 519 1608 Monstrabit:
552 1571 783 1622 namque
814 1554 962 1622 haec,
997 1554 1245 1622 quotiens
1279 1553 1477 1622 chelyn
1510 1555 1656 1606 exuit
1687 1556 1791 1625 ille,
1879 1548 1973 1621 30}¹

162 1629 383 1682 Desidia
422 1631 520 1695 est,
557 1627 644 1679 hic
681 1626 874 1679 Aoniis
915 1644 1066 1679 amor
1103 1629 1295 1679 auocat
1333 1627 1515 1680 antris
1938 1631 1943 1634 ’

162 1702 313 1755 Haec
351 1702 493 1753 inter
531 1703 708 1752 castae
748 1699 937 1768 genius
974 1700 1248 1769 tutelaque
1287 1717 1501 1753 mensae

164 1773 678 1843 Amphitryoniades
717 1773 886 1825 multo
924 1790 1044 1825 mea
1082 1773 1224 1841 cepit
1263 1791 1441 1826 amore

164 1849 392 1901 Pectora
427 1864 525 1900 nec
562 1847 724 1915 longo
765 1846 984 1898 satiauit
1019 1846 1224 1898 lumina
1261 1846 1405 1899 uisu:

165 1922 372 1975 Tantus
411 1920 585 1973 honos
626 1918 775 1987 operi
812 1918 1049 1988 finesque
1087 1919 1294 1972 inclusa
1330 1937 1427 1987 per
1465 1923 1610 1973 artos

163 1995 449 2048 Maiestas!
490 1993 632 2061 deus,
670 1993 760 2044 ille
800 1992 927 2044 deus
968 2009 1023 2044 se
1062 2010 1219 2061 saepe
1257 1993 1515 2045 tuendum

163 2068 407 2135 Indulsit,
444 2065 694 2134 Lysippe‚
731 2065 847 2132 tibi,
884 2083 1185 2134 paruusque
1223 2065 1392 2118 uideri

167 2141 466 2209 Sentirique
505 2140 716 2208 ingens!
757 2142 811 2190 et
851 2156 972 2190 cum
1010 2138 1274 2191 mirabilis
1312 2139 1456 2191 intra

137 2214 288 2268 -Stet
325 2230 573 2266 mensura
613 2212 818 2280 pedem,
855 2214 1038 2264 tamen
1074 2212 1370 2264 exclamare
1408 2212 1610 2282 libebit,
1932 2164 1969 2268 ᾗ

167 2287 223 2340 Si
260 2288 408 2339 uisus
447 2303 543 2354 per
581 2286 819 2337 membra
856 2284 1020 2337 feres:
1061 2284 1182 2338 ‘hoc
1219 2287 1435 2354 pectore
1473 2303 1688 2354 pressus
1878 2285 1967 2380 40ξέ

285 2538 339 2576 13
370 2532 612 2576 absumere
643 2534 692 2573 0·
725 2543 956 2574 assumere
990 2534 1018 2574 ς
1051 2546 1078 2573 a
1100 2531 1115 2586 ΙΙ
1143 2534 1194 2574 18
1220 2530 1502 2587 Erythraeae
1527 2533 1701 2577 Markl.
1725 2534 1741 2590 ΙΙ
1768 2538 1820 2578 19
1852 2532 1937 2579 ha

164 2592 318 2636 bitura
350 2594 399 2634 3:
432 2589 737 2644 habitumque
769 2592 797 2629 0
829 2603 857 2630 a
879 2590 894 2645 ΙΙ
925 2592 979 2632 25
1011 2588 1099 2632 Hic
1130 2592 1187 2631 A·
1218 2589 1315 2633 Hec
1347 2591 1415 2646 011
1446 2595 1502 2635 26
1535 2590 1653 2635 caeli
1685 2595 1714 2633 0
1746 2607 1785 2646 a,
1819 2602 1943 2645 corr.

165 2650 401 2695 Auantius
423 2650 439 2705 ss
462 2653 518 2692 28
551 2647 682 2700 Quod
715 2650 744 2692 ς
778 2662 823 2689 a:
858 2646 978 2700 Quid
1010 2651 1038 2688 0
1062 2648 1077 2704 ΙΙ
1100 2651 1156 2691 30
1180 2647 1458 2693 monstrauit
1489 2653 1517 2691 0
1549 2664 1590 2703 a,
1622 2662 1735 2694 corr.
1762 2650 1952 2695 Geum-

165 2711 258 2754 tius
285 2710 291 2764 Ι
317 2708 398 2752 ille
431 2711 459 2749 0
491 2722 539 2749 a:
570 2706 643 2749 illi
674 2705 922 2750 Geuartius
959 2707 974 2761 ΙΙ
1016 2709 1071 2749 35
1104 2706 1228 2750 artos
1259 2707 1382 2752 edd.·
1414 2709 1541 2752 artus
1572 2708 1632 2750 A*
1664 2712 1713 2761 0;
1744 2709 1962 2764 fortass

167 2770 422 2823 tenuesque
452 2765 485 2811 1.
517 2778 601 2821 per
633 2765 761 2808 artus
784 2764 799 2819 ΙΙ
822 2768 878 2807 36
908 2764 1100 2818 fortasse
1129 2764 1230 2821 ipse
1258 2766 1264 2820 1
1292 2779 1339 2809 se
1364 2779 1501 2822 saepe
1524 2766 1713 2822 scripsi:
1745 2781 1948 2825 sesequ

169 2831 196 2868 0
230 2841 256 2868 a
293 2827 300 2881 Ι
338 2824 563 2869 tuendum
594 2822 897 2868 Schraderus:
934 2822 1185 2867 uidendum
1217 2827 1246 2864 0
1279 2838 1306 2865 a
1337 2824 1353 2879 ΙΙ
1392 2829 1447 2868 39
1486 2824 1657 2880 pedum
1689 2829 1717 2867 0
1749 2841 1789 2882 a,
1820 2840 1920 2871 corr

166 2884 403 2929 Auantius
1920 2854 1962 2930 ΨΜ
