1976 3094
642 108 1001 169 'mammos
1033 124 1143 170 ms.
1175 123 1256 172 Ἦ.
1710 129 1818 184 157

124 243 354 300 Parnasi
393 261 603 299 summo
644 245 931 314 spectabat
969 245 1039 300 ab
1080 246 1297 302 aethere
1337 250 1533 318 terras3
1731 264 1819 305 335

125 318 264 375 Orsa
303 318 460 374 deum
499 315 652 391 (nam
694 336 854 389 saepe
892 319 1077 373 Iovem
1117 319 1512 391 Phlegramque
1554 323 1743 394 suique

124 392 337 465 Anguis
377 411 512 463 opus
551 392 889 463 fratrumque
928 394 1050 463 pius
1090 397 1341 449 cantarat
1377 395 1637 469 honores)

4 472 6 478 “
66 475 97 520 0
128 466 278 523 Tunc
317 466 513 538 aperit,
552 466 671 538 quis
711 467 916 521 fulmen
957 470 1106 538 agat,
1147 469 1267 538 quis
1308 469 1484 525 sidera
1522 470 1685 525 ducat

123 539 381 613 Spiritus,
419 540 560 595 unde
599 540 766 595 animi
805 541 1010 611 fluviis,
1051 560 1188 612 quae
1227 543 1430 612 pabula
1467 546 1668 615 ventis,

122 614 239 680 Quo
277 615 429 670 fonte
467 614 791 669 immensum
830 616 979 669 vivat
1019 634 1190 686 mare,
1229 635 1366 686 quae
1408 618 1498 673 via
1537 619 1678 674 soles
1727 633 1818 675 840

44 723 45 726 =
119 687 473 760 Praecipitet,
511 692 725 744 noctem
767 686 904 760 quae
941 690 1210 760 porrigat,
1251 691 1431 745 imane
1472 693 1633 748 tellus

120 763 209 818 An
245 764 426 819 media
465 767 520 819 et
558 782 743 818 rursus
784 764 984 818 mundo
1027 765 1299 819 succincta
1336 766 1547 821 latenti.

43 843 96 890 35
125 836 276 893 Finis
317 841 461 907 erat,
499 837 676 892 differt
716 838 900 892 avidas
941 838 1125 892 audire
1165 856 1401 906 sorores,

122 911 372 983 Dumque
411 912 606 983 chelyn
643 913 798 967 lauro
839 914 1153 982 textumque
1193 913 1426 968 inlustre
1465 932 1693 970 coronae

123 985 378 1058 Subligat
415 989 471 1040 et
507 986 656 1057 picto
697 986 954 1056 discingit
991 990 1214 1056 pectora
1253 988 1447 1057 limbo,
1725 1002 1813 1044 846

121 1059 290 1116 Haut.
309 1061 501 1132 procul
538 1059 866 1115 Herculeam
903 1059 1147 1115 Nemeen
1185 1061 1422 1116 clamore
1462 1062 1713 1117 reductus

0 1183 1 1186 ,
120 1134 337 1206 Aspicit
375 1138 538 1206 atque
575 1135 686 1189 illic
725 1135 917 1206 ingens
957 1134 1268 1188 certaminis
1308 1137 1479 1190 instar

44 1215 95 1260 m
126 1209 461 1282 Quadriiugi.
536 1207 733 1264 Noscit
771 1212 1018 1279 cunctos,
1058 1213 1113 1263 et
1152 1208 1295 1263 forte
1332 1211 1639 1281 propinquo

0 1282 1 1290 ’
125 1282 500 1339 Constiterant
537 1283 802 1337 Admetus
841 1287 896 1337 et
935 1282 1305 1352 Amphiaraus
1344 1283 1402 1337 in
1441 1303 1586 1338 arvo,

124 1357 274 1413 Tunc
313 1375 518 1413 secum:
558 1356 841 1422 ‘Quisnam
879 1357 985 1410 iste
1024 1357 1130 1410 duo
1140 1398 1155 1426 ‚
1193 1357 1454 1411 fidissima
1492 1358 1699 1413 Phoebi
1731 1371 1819 1414 350

123 1431 385 1500 Nomina,
424 1432 697 1488 commisit
735 1432 864 1485 deus
903 1431 962 1484 in
1001 1430 1317 1485 discrimina
1354 1433 1549 1502 reges?

125 1506 304 1562 Ambo
342 1506 423 1578 pii
461 1507 679 1577 carique
719 1506 906 1574 amb03
946 1522 1212 1575 nequeam
1252 1506 1368 1576 ipse
1407 1507 1648 1576 priorem

47 1587 99 1643 76
129 1580 335 1636 Dicere.
410 1580 645 1636 Peliacis
683 1580 773 1634 hic
812 1598 934 1633 cum
974 1579 1269 1632 famularer
1306 1580 1364 1633 in
1403 1582 1546 1634 arvis

79 1691 86 1722 ς
128 1653 241 1783 ἓξὲξ
278 1655 424 1710 Iovis
462 1655 692 1725 imperia
731 1656 786 1707 et
823 1653 1013 1723 nigrae
1052 1653 1270 1706 voluere
1311 1652 1587 1726 Sorores),

75 1726 85 1797 ζ’
240 1747 273 1783 a
310 1729 478 1784 dabat
513 1729 719 1783 famulo
757 1746 856 1782 nec
894 1745 980 1780 me
1021 1727 1223 1781 sentire
1261 1729 1526 1782 minorem
1731 1742 1819 1784 365

66 1803 78 1872 ,ἱ
125 1803 331 1874 Ausus3
377 1805 436 1857 at
478 1802 569 1857 hic
605 1802 882 1873 tripodum
921 1819 1099 1855 comes
1140 1804 1195 1854 et
1233 1802 1354 1871 pius
1394 1804 1529 1856 artis
1569 1803 1821 1858 alumnus

42 1878 71 1947 {²
127 1877 435 1932 Aetheriae.
510 1876 700 1931 Potior
738 1876 946 1930 meritis
986 1879 1173 1929 tamen
1210 1875 1324 1946 ille,
1363 1875 1456 1930 sed
1495 1877 1653 1931 huius

43 1923 101 2209 ,ἶο
129 1950 391 2006 Extrema
427 1951 539 2004 iam
575 1950 672 2004 fila
711 1951 852 2020 colu3
895 1950 1055 2003 datur
1092 1949 1223 2003 ordo
1264 1953 1512 2004 senectae

127 2026 364 2079 Admeto
404 2042 690 2094 serumque
729 2024 899 2092 mori3
940 2023 1043 2076 tibi
1080 2023 1233 2076 nulla
1272 2028 1561 2093 supersunt

129 2098 366 2168 Gaudia,
402 2116 531 2152 nam
570 2097 789 2151 Thebae
828 2097 982 2149 iuxta
1022 2099 1078 2149 et
1115 2097 1405 2151 tenebrosa
1442 2115 1661 2169 vorago.
1734 2111 1822 2154 360

58 2210 67 2248 3
131 2171 248 2227 Scis
286 2174 477 2241 miser,
517 2176 573 2226 et
610 2175 829 2225 nostrae
868 2170 1077 2240 pridem
1116 2171 1354 2224 cecinere
1377 2171 1672 2253 ⁴volucres?

247 2345 333 2386 357
361 2354 428 2396 sq.
472 2339 576 2384 ‘sed
607 2366 661 2372 —-
695 2339 930 2384 senectae’
972 2337 1142 2385 Prisc.
1175 2339 1241 2384 VI
1274 2343 1351 2395 16,
1385 2344 1441 2385 85
1473 2355 1518 2397 p.
1553 2344 1639 2385 269
1670 2339 1728 2387 H.
1762 2335 1819 2376 -ἶ-

64 2388 74 2444 ἓ
129 2404 229 2446 358,
265 2399 495 2444 ‘extrema
526 2425 582 2433 -
615 2399 850 2444 senectae'
888 2397 1037 2445 Serv.
1072 2397 1133 2442 ad
1163 2397 1278 2444 Aen.
1311 2398 1421 2443 VIII
1451 2404 1552 2445 409.

67 2453 86 2639 5
249 2561 334 2601 335
366 2568 523 2601 versus
553 2555 671 2600 deest
702 2554 754 2599 in
776 2558 819 2596 Η
846 2554 852 2614 Ι
879 2511 1246 2613 tgrbaosdi’nnz'aee
1279 2555 1367 2599 deo
1390 2559 1423 2597 P
1450 2557 1458 2611 Ι
1485 2555 1626 2599 deum
1658 2555 1706 2597 et
1728 2554 1824 2598 iam

77 2645 86 2685 ff
129 2627 273 2673 saepe
319 2614 686 2660 Sandstroemius
707 2614 831 2679 {1337
877 2613 982 2671 pios
1028 2619 1243 2659 PGHbB
1288 2616 1387 2660 edd.
1434 2619 1533 2660 vett.
1564 2616 1571 2671 Ι
1600 2613 1826 2658 cantabat

78 2688 85 2725 ς
129 2673 406 2720 nab-0011).
441 2688 480 2718 π
510 2674 526 2730 ΙΙ
558 2677 644 2718 340
682 2671 820 2716 bibat
849 2677 882 2715 P
910 2678 915 2730 Ι
943 2673 1056 2718 solis
1089 2679 1121 2717 P
1152 2675 1168 2731 ΙΙ
1199 2679 1283 2718 341
1324 2686 1415 2730 quo
1447 2678 1479 2715 P
1502 2675 1518 2728 ss
1542 2678 1629 2718 350
1669 2672 1760 2716 duo
1791 2677 1825 2715 P

75 2733 83 2747 '
133 2735 190 2789 cf.
224 2733 354 2791 Vero.
380 2733 494 2778 Aen.
522 2732 608 2776 XI
636 2734 735 2778 285
756 2731 858 2777 Ecl.
891 2737 932 2789 5,
959 2737 1020 2779 68
1047 2733 1161 2777 duos
1187 2733 1320 2778 ceteri
1345 2735 1351 2789 Ι
1377 2731 1551 2789 phoebi
1574 2732 1671 2775 ΡΒ1
1695 2732 1823 2778 Dan.

134 2794 181 2835 Π
208 2791 353 2850 phebi
381 2796 443 2836 bo
472 2791 657 2849 phoebo
689 2790 780 2845 p13²
809 2790 963 2847 phebo
996 2797 1081 2835 GH
1110 2795 1126 2850 ΙΙ
1158 2797 1243 2838 358
1276 2791 1382 2836 colu
1412 2797 1479 2846 Pp
1514 2792 1662 2838 Prisc.
1697 2791 1821 2837 Serv.

131 2852 194 2906 cf.
225 2850 337 2897 Aah.
369 2851 406 2895 I
431 2855 523 2898 579
555 2850 658 2895 colo
689 2850 844 2894 Postu
865 2853 880 2907 ΙΙ
903 2857 990 2897 360
1021 2866 1132 2896 nam
1161 2856 1239 2895 PG
1268 2851 1366 2898 iam
1395 2852 1534 2897 ceteri
