2020 3106
254 181 361 227 XIV
782 178 1066 224 EDITORIS
1096 177 1454 223 PRAEFATIO.

256 301 432 355 binati
482 305 700 353 emerat.
777 299 1050 352 Lacunam
1101 317 1237 369 quae
1287 299 1464 352 fuerat
1514 298 1572 351 in
1621 298 1762 351 libro
1809 296 1946 350 VIII

258 375 381 427 inde
430 394 462 427 a
506 394 556 428 v.
611 375 710 427 157
768 392 937 442 usque
991 373 1059 426 ad
1112 392 1160 427 v.
1209 374 1315 426 682
1371 390 1560 425 manus
1621 372 1757 424 Itala
1810 389 1946 424 saec.

256 446 382 502 XVi
421 448 658 516 explevit
698 450 752 499 et
789 448 923 500 folia
963 450 1084 500 octo
1123 446 1364 500 inseruit.
1424 445 1637 499 Desunt
1674 446 1731 498 in
1766 445 1945 499 codice
1998 467 2004 477 ⁴

256 523 382 574 libri
423 521 562 574 sexti
600 540 683 574 vv,
716 521 1025 574 575—706.
1086 520 1373 573 Lectiones
1406 521 1519 573 eius
1552 519 1944 589 benignissime
1995 520 2013 547 ³

254 613 466 648 mecum
519 595 937 648 communicavit
983 593 1368 664 MarkgrafiUS‚
1413 594 1715 663 praefectus
1755 593 1947 647 biblio·
1989 571 2020 713 ἓ

255 670 445 722 thecae
485 669 722 721 urbanae
762 668 1222 722 Vratislaviensis‚
1992 674 2020 731 ,j

406 742 739 805 Quattuor
779 742 1064 795 codicum
1106 741 1766 812 Cantabrigiensium,
1812 759 1946 811 quos
1993 735 2020 807 ξ

257 820 471 885 praeter
531 816 864 883 Roffensem,
925 815 990 869 de
1052 834 1156 884 quo
1220 834 1383 884 supra
1445 815 1582 884 dixi,
1643 815 1948 868 contulerat
1997 818 2020 859 ἒ

255 889 559 959 Bentleius,
605 890 929 943 lectionibus
980 908 1108 942 usus
1160 908 1301 958 sum,
1349 889 1526 959 quoad
1575 907 1640 942 ex
1682 890 1759 942 eis
1811 907 1946 958 quae
2000 889 2020 956 J

256 964 530 1033 Hauptius
571 968 625 1016 et
663 964 955 1016 Muellerus
995 963 1390 1018 adnotaverunt
1426 963 1546 1015 fieri
1583 965 1812 1031 poterat.
1850 961 1949 1015 Vir
1996 962 2020 1027 {z

257 1038 454 1091 summi
492 1038 696 1107 ingenii
728 1038 790 1090 de
823 1038 978 1090 libris
1018 1038 1127 1090 illis
1160 1038 1546 1106 manuscriptis
1578 1037 1695 1105 ipse
1725 1037 1783 1090 in
1814 1036 1946 1090 folio

257 1111 484 1165 editioni
537 1110 894 1165 Gevartianae
950 1130 981 1164 a
1037 1130 1094 1164 se
1149 1111 1422 1164 adhibitae
1484 1111 1718 1179 praefixo
1783 1107 1949 1181 (quod

257 1186 532 1253 exemplar
585 1186 641 1237 in
693 1185 883 1238 Museo
930 1184 1245 1238 Britannico
1303 1184 1476 1254 extat)
1530 1184 1664 1238 haec
1711 1185 1948 1254 scripsit:

258 1258 476 1312 ‘Variae
524 1259 782 1312 lectiones
832 1259 898 1312 ad
945 1259 1222 1312 Thebaida
1278 1259 1391 1312 sine
1444 1259 1603 1312 litera
1656 1276 1721 1310 ex
1768 1261 1947 1312 vetere

256 1333 439 1386 codice
486 1333 544 1386 in
588 1332 922 1403 Pergameno
972 1334 1063 1403 qui
1110 1336 1192 1385 est
1241 1331 1474 1402 Collegii
1515 1331 1583 1385 Sti
1620 1331 1770 1385 Petri
1811 1330 1948 1385 Can·
1992 1330 2017 1393 .’;;’

259 1406 655 1484 101111ς100[π].
688 1407 873 1460 Litera
899 1421 953 1482 (p
978 1410 1137 1459 notat
1162 1407 1338 1460 varias
1362 1406 1621 1459 lectiones
1647 1406 1714 1458 ad
1738 1410 1950 1474 partem
1987 1431 2020 1484 ιμ-

257 1481 334 1534 8Vl
364 1483 418 1533 et
451 1478 526 1533 9¹¹¹
557 1480 681 1533 libri
721 1483 776 1533 et
812 1482 881 1534 10
922 1499 986 1534 ex
1023 1481 1329 1550 fragmento
1363 1478 1473 1533 MS.
1505 1479 1738 1534 ibidem.
1767 1479 1950 1532 Litera

254 1569 294 1621 y
333 1557 489 1607 notat
535 1554 773 1607 codicem
822 1573 887 1607 ex
926 1555 1259 1608 bibliotheca
1304 1554 1523 1623 publica
1563 1552 1949 1623 Cantabri'giae

257 1628 315 1680 in
353 1628 499 1681 folio.
554 1627 741 1681 Litera
781 1622 826 1682 δ
866 1629 1100 1680 codicem
1140 1646 1204 1680 ex
1244 1628 1574 1681 bibliotheca
1614 1625 1748 1681 Coll.
1784 1627 1948 1680 Ema-
2002 1652 2020 1679 ⁴-··

256 1702 430 1753 nuelis
471 1699 871 1771 Cantabrigiae.
947 1701 1130 1754 Litera
1166 1702 1219 1755 θ
1263 1705 1421 1755 notat
1469 1701 1705 1755 codicem
1753 1720 1816 1754 ex
1863 1700 1949 1754 Bi-
1996 1676 2020 1816 ἱ

258 1775 531 1828 bliotheca
569 1775 743 1846 Regia
783 1793 1044 1828 annorum
1082 1773 1224 1829 DCC
1268 1774 1376 1842 [r].'
1999 1780 2003 1785 “

409 1847 676 1903 Codices
717 1852 861 1902 octo
902 1848 1034 1902 olim
1072 1849 1433 1919 Palatinos,
1473 1849 1567 1919 qui
1605 1852 1797 1917 postea
1829 1867 1987 1902 cum

257 1922 461 1991 praeda
499 1926 677 1975 cetera
715 1923 847 1975 belli
885 1923 1111 1991 triginta
1143 1942 1407 1976 annorum
1438 1923 1670 1976 Romam
1708 1926 1834 1976 sunt
1866 1923 1950 1976 de-

257 1996 379 2064 lati,
427 1996 676 2049 adhibuit
722 1996 885 2050 Ianus
934 1996 1216 2066 GruteruS,
1265 2015 1386 2050 cum
1430 1997 1553 2050 inde
1601 1996 1670 2050 ab
1719 2016 1764 2050 a.
1807 1997 1949 2050 1602

263 2088 426 2138 usque
482 2070 550 2123 ad
605 2089 650 2122 a.
702 2071 843 2125 1622
891 2071 1194 2139 praefectus
1250 2071 1613 2124 bibliothecae
1667 2069 1950 2124 Palatinae

259 2145 417 2198 esset.
503 2143 657 2207 Quod
712 2145 826 2197 sibi·
870 2145 987 2212 ipse
1042 2147 1424 2214 proposuerat,
1486 2145 1726 2198 carmina
1787 2143 1950 2197 Statii

260 2217 434 2286 edere,
471 2236 582 2271 non
622 2221 703 2271 est
744 2222 1049 2287 exsecutus3
1098 2219 1319 2287 scripsit
1356 2236 1483 2272 vero
1527 2218 1799 2272 codicibus
1840 2218 1950 2271 illis

261 2291 520 2343 adhibitis
561 2290 928 2360 ‘Suspiciones
977 2293 1043 2344 ad
1085 2292 1246 2345 Statii
1287 2291 1582 2345 Thebaida'
1628 2310 1727 2345 nec
1768 2295 1951 2345 tamen

259 2365 512 2417 absolvit.
567 2365 741 2418 Testis
783 2369 866 2417 est
903 2365 962 2418 F.
997 2366 1256 2434 Handius‚
1296 2366 1390 2435 qui
1421 2366 1778 2421 constituerat
1812 2384 1951 2418 com-

258 2438 623 2491 mentationes
657 2438 877 2491 Gruteri
906 2457 1003 2507 per
1043 2440 1250 2508 aliquot
1290 2440 1504 2494 libellos
1537 2458 1673 2494 cum
1699 2440 1774 2493 eis
1808 2457 1949 2493 com-

259 2512 557 2581 municare,
605 2512 721 2580 qui
742 2512 830 2565 his
880 2513 1071 2566 studiis
1122 2532 1342 2583 operam
1384 2513 1605 2567 darent.
1666 2514 1741 2566 At
1779 2514 1949 2583 suspi-

259 2585 439 2638 ciones
495 2587 552 2637 in
612 2586 811 2638 librum
873 2587 1109 2654 primum
1171 2590 1384 2640 tantum
1438 2587 1604 2640 edidit
1658 2589 1715 2640 in
1768 2605 1948 2658 progr.

260 2659 493 2711 academ.
542 2659 958 2728 Ienens.18513
1014 2661 1171 2730 plura
1218 2656 1562 2731 promulgare
1610 2665 1783 2715 morte
1830 2679 1951 2729 pro-

260 2733 464 2786 hibitus
507 2736 600 2786 est.

405 2806 591 2876 Neque
616 2808 831 2878 neglexi
854 2807 1110 2861 lectiones
1137 2809 1381 2862 codicum
1407 2828 1438 2861 a
1462 2808 1948 2876 Lindenbrogio

258 2883 473 2948 praeter
517 2881 849 2934 Puteaneum
894 2881 952 2935 in
999 2882 1231 2935 editione
1282 2883 1504 2936 Parisiis
1557 2883 1697 2936 1600
1752 2883 1949 2935 emissa

1990 1807 2020 1876 ἓ
