2020 3106
627 159 971 207 THEBAIDOS
1003 159 1114 205 LIB.
1147 158 1180 205 1.
1688 159 1752 212 17

14 292 15 297 ’
67 284 272 340 Proicit
307 283 633 356 ignotaeque
672 282 895 338 acclinis
934 282 1181 352 postibus
1220 282 1375 337 aulae

68 358 275 414 Invitat
312 361 501 412 tenues
542 357 609 411 acl
648 357 782 411 dura
821 357 1020 411 cubilia
1058 374 1292 412 somnos.

149 433 265 488 Rex
302 432 379 486 ibi
419 431 737 502 tranquille,
777 431 955 485 medio
996 431 1061 484 de
1101 431 1275 484 limite
1315 431 1460 485 vitae
1672 443 1758 484 390

70 507 134 562 In
175 506 384 561 senium
421 522 671 576 vergens,
709 505 940 576 populos
981 505 1252 559 Adrastus
1291 504 1551 570 habebat,

71 579 238 636 Dives
278 580 394 635 avis
434 582 489 634 et
526 583 756 650 utroque
794 579 979 633 Iovem
1021 579 1085 633 de
1127 580 1389 650 sanguine
1428 579 1641 633 ducens.

17 679 19 682 ·
71 654 176 710 Hic
215 672 373 709 sexus
412 653 650 708 melioris
689 654 870 724 inops,
911 654 1002 707 sed
1042 655 1194 724 prole
1232 654 1447 707 virebat

68 726 349 799 Feminea,
390 727 605 800 gemino
644 731 898 782 natarum
936 728 1164 798 pignore
1204 728 1390 782 fultus,

19 826 21 830 ’
74 800 175 858 Oui
214 801 476 857 Phoebus.
501 819 730 873 generos
769 801 1096 872 (monstrum
1137 802 1413 856 exitiabile
1454 800 1623 855 dictu!
1675 814 1762 855 395

69 875 198 932 Mox
239 877 496 947 adaperta
534 875 691 948 fides)
732 877 845 930 fato
888 876 1114 930 ducente
1155 877 1384 930 canebat

75 949 516 1022 saetigerumque
558 969 707 1005 suem
747 955 803 1005 et
840 950 1051 1005 fulvum
1092 950 1386 1005 adventare
1426 951 1652 1004 leonem.

71 1022 135 1079 Id
171 1025 396 1080 volvens
435 1044 545 1079 non
583 1025 699 1095 ipse
738 1028 917 1095 pater,
956 1043 1067 1078 non
1106 1025 1261 1079 docte
1301 1024 1470 1078 futuri

73 1098 402 1168 Amphiarae
440 1099 590 1154 vides
632 1097 858 1172 (etenim
897 1103 1048 1153 vetat
1086 1103 1274 1153 auctor
1317 1097 1563 1168 Apollo);

75 1172 310 1227 Tantum
350 1174 406 1228 in
446 1174 604 1233 corde
644 1174 833 1227 sedens
875 1174 1145 1244 aegrescit
1182 1192 1310 1227 cura
1348 1173 1579 1243 parenti.
1677 1184 1764 1227 400

148 1246 287 1302 Ecce
328 1251 509 1303 autem
549 1248 829 1318 antiquam
867 1248 982 1301 fato
1024 1245 1309 1317 Calydona
1347 1247 1653 1317 relinquens

76 1321 294 1377 Olenius
335 1321 550 1392 Tydeus
591 1319 841 1394 (fraterni
882 1322 1162 1393 sanguinis
1202 1321 1357 1375 illum

78 1394 335 1452 Conscius
373 1397 568 1450 horror
608 1395 749 1468 agit)
790 1396 976 1450 eadem
1017 1396 1115 1449 sub
1156 1399 1313 1450 nocte
1353 1413 1552 1467 sopora

77 1468 275 1525 Lustra
311 1471 465 1541 terit,
506 1471 815 1541 similesque
853 1474 1014 1524 notos
1055 1471 1344 1540 dequestus
1385 1475 1439 1523 et
1478 1469 1701 1539 imbres,

75 1542 320 1599 Infusam
358 1548 514 1616 tergo
555 1545 786 1616 glaciem
829 1548 883 1598 et
919 1545 1181 1614 liquentia
1220 1545 1422 1598 nimbis
1678 1557 1764 1597 405

78 1617 189 1672 Ora
227 1629 513 1688 comasque
554 1636 746 1688 gerens
789 1619 935 1672 subit
973 1638 1080 1672 uno
1120 1619 1383 1689 tegmine,
1424 1618 1576 1672 cuius

78 1691 253 1755 Fusus
291 1693 456 1747 humo
497 1693 678 1765 gelida
715 1697 928 1763 partem
968 1694 1117 1763 prior
1155 1694 1352 1762 hospes
1392 1693 1644 1746 habebat.

79 1763 188 1819 Hic
225 1784 353 1820 vero
395 1768 659 1822 ambobus
698 1768 909 1821 rabiem
947 1768 1171 1821 fortuna
1210 1771 1489 1821 cruentam

83 1840 311 1894 Attulit:
349 1839 484 1895 haut
519 1841 664 1911 passi
706 1842 866 1896 sociis
906 1842 1191 1896 defendere
1229 1846 1446 1896 noctem

84 1911 423 1967 Culminibus
462 1917 706 1984 paulum,
747 1916 946 1969 alterni
984 1916 1063 1968 nil
1104 1917 1273 1969 verba
1311 1916 1594 1984 minasque
1686 1927 1773 1967 410

85 1985 444 2058 Cunctantur;
483 2006 609 2042 mox
646 1993 708 2042 ut
745 1990 903 2043 iactis
945 1991 1285 2043 sermonibus
1325 1991 1439 2042 irae

83 2060 396 2115 Intumuere
436 2062 566 2115 satis
575 2105 590 2132 ‚
626 2066 743 2116 tum
782 2081 910 2117 vero
950 2068 1157 2117 erectus
1194 2066 1419 2133 uterque

83 2134 346 2189 Exertare
385 2154 599 2189 umeros
636 2136 942 2207 nudamque
981 2137 1247 2190 lacessere
1285 2154 1540 2207 pugnam.

205 2286 290 2326 390
316 2295 383 2337 sq.
411 2280 592 2325 ‘medio
619 2307 672 2315 —
697 2281 935 2327 habebat'
963 2282 1139 2326 schol.
1158 2283 1366 2327 Lucan.
1392 2282 1414 2325 1
1440 2287 1524 2327 129
1549 2297 1593 2339 p.
1620 2286 1676 2326 27
1701 2280 1775 2325 W.

33 2433 36 2458 ι
205 2418 291 2459 389
331 2413 487 2458 tenuis
526 2419 559 2457 P
603 2415 791 2459 teneros
832 2416 1092 2462 Gronovius
1128 2418 1144 2474 ΙΙ
1183 2421 1269 2461 390
1318 2415 1601 2472 tranquillae
1649 2416 1778 2460 codd.

87 2486 201 2519 corr.
242 2473 493 2519 Muellerus
524 2475 539 2530 ΙΙ
570 2479 656 2519 393
702 2474 898 2531 vigebat
943 2475 1245 2531 Wakefieldus
1277 2478 1292 2533 Η
1324 2482 1408 2521 396
1448 2475 1548 2519 fato
1588 2480 1621 2518 P
1662 2488 1779 2519 aeuo

86 2535 176 2576 ΒΗ
206 2533 302 2578 edd.
337 2546 423 2577 eno
465 2533 552 2577 G²r
586 2534 715 2579 Leid.
747 2536 763 2591 ΙΙ
793 2539 879 2580 398
911 2535 966 2578 Id
997 2540 1030 2578 P
1060 2534 1188 2579 Haec
1217 2535 1374 2578 BG²M
1404 2537 1503 2580 edd.
1528 2537 1544 2591 ΙΙ
1567 2540 1653 2579 399
1685 2549 1779 2579 ver-

87 2604 187 2638 sum
217 2605 300 2638 om.
334 2591 432 2635 (³²13
466 2594 536 2648 (in
566 2598 791 2648 contextu,
822 2595 899 2639 sed
929 2595 983 2639 in
1005 2609 1149 2653 mary.
1166 2609 1242 2652 pr.
1267 2610 1323 2639 m.
1349 2595 1542 2650 exhibet)
1570 2599 1576 2648 1
1606 2593 1783 2637 etenim

92 2675 146 2683 -
175 2651 340 2695 sedens
373 2653 508 2696 verba
539 2666 621 2697 om.
656 2657 683 2695 S
706 2653 721 2710 ΙΙ
745 2658 831 2698 400
862 2668 1038 2699 versum
1068 2668 1151 2699 om.
1186 2654 1243 2697 (3²
1274 2655 1326 2698 in
1358 2659 1591 2707 contextu,
1623 2654 1700 2697 sed
1730 2653 1781 2696 in

86 2722 259 2756 summo
289 2712 495 2769 margine
519 2726 593 2768 pr.
623 2726 680 2757 m.
706 2712 880 2758 exhibet
908 2722 912 2762 i
941 2713 1152 2771 parentis
1178 2717 1299 2767 GHp
1330 2711 1524 2769 paventi
1546 2712 1610 2756 N.
1634 2712 1781 2756 Hein-

86 2769 187 2815 sius
213 2769 288 2814 ‘eoe
310 2772 478 2827 optimo
501 2772 615 2816 eod?
643 2773 658 2827 ΙΙ
681 2776 768 2816 402
795 2771 967 2816 Oenius
985 2773 1187 2831 Anylic„
1213 2773 1334 2816 unde
1351 2773 1576 2816 Heinsius
1599 2770 1782 2815 Oeneus

93 2829 285 2874 coniecit
308 2831 404 2875 coll.
437 2829 481 2875 V
500 2834 588 2875 661
614 2832 629 2886 ΙΙ
653 2836 738 2875 406
764 2830 922 2888 rigens
941 2833 1165 2876 Heinsius
1188 2832 1203 2889 ss
1227 2837 1314 2877 410
1339 2831 1512 2875 alterni
1534 2835 1567 2874 P
1592 2829 1785 2875 alternis

89 2889 224 2932 ceteri
249 2889 257 2945 Ι
282 2887 352 2931 nil
382 2889 691 2935 Baehrensius
720 2889 771 2933 in
802 2892 930 2936 codd.
963 2893 1020 2947 ef.
1056 2891 1157 2934 III
1186 2896 1274 2936 719

183 2968 323 3002 sum
347 2972 537 3004 Tannus.
1402 2969 1427 3007 2
