1976 3094
623 159 964 207 THEBAIDOS
995 160 1109 207 LIB.
1140 160 1261 207 vm.
1679 159 1787 214 217

104 283 283 340 Causa
320 284 470 339 latet.
530 283 656 339 Non
694 283 837 337 hunc
875 282 1024 354 Tyrii
1062 282 1175 336 fors
1214 299 1475 353 prospera
1514 282 1666 350 belli,
1697 294 1786 334 260

26 366 27 394 ³
103 358 340 414 Tantum
378 358 524 413 bella
559 357 774 428 iuvant3
811 360 1001 411 natum
1039 357 1392 427 hortaturque
1430 358 1754 427 probatque,

102 431 216 488 Nec
254 432 446 488 vicisse
485 431 639 503 velit3
681 432 775 485 sed
813 431 1019 501 primos
1058 431 1360 485 comminus
1401 447 1557 484 enses

102 506 178 561 Et
215 506 432 562 sceleris
471 506 640 561 tacito
680 506 911 560 rimatur
950 506 1158 559 semina
1194 509 1339 559 voto.

30 625 32 633 ,,
101 580 232 635 Inde
271 581 460 651 epulae
499 580 681 635 dulces
720 581 1013 651 ignotaque
1054 580 1252 650 gaudia
1291 580 1458 634 vultu.

30 651 31 654 '
105 654 290 719 Qualis
318 657 456 725 post
493 655 688 725 longae
727 653 963 708 Phineus
1003 654 1204 707 ieiunia
1241 671 1468 724 poenae,
1702 665 1790 705 265

102 727 197 783 Nil
238 729 464 783 stridere
502 728 648 783 domi
687 729 931 783 volucres
971 731 1033 781 ut
1072 728 1240 782 sensit
1279 728 1501 781 abactas

104 800 373 872 (Necdum
409 804 529 857 tota
566 801 745 875 fides),
783 802 972 856 hilaris
1013 820 1335 873 mensasque
1374 805 1632 871 torosque

100 874 216 931 Nec
254 876 479 931 turbata
516 876 648 931 feris
687 877 945 931 tractavit
982 878 1178 946 pocula
1216 876 1411 946 pinnis.

179 948 374 1005 Cetera
412 949 698 1005 Graiorum
741 951 885 1004 curis
928 950 1197 1020 armisque
1236 950 1449 1003 iacebat

40 1060 42 1067 »
101 1023 270 1079 Fessa
310 1024 525 1094 cohors;
565 1025 676 1079 alto
717 1027 1017 1079 castrorum
1056 1043 1134 1090 ex,
1159 1041 1360 1095 aggere
1399 1023 1667 1078 Adrastus
1707 1035 1795 1077 260

101 1097 387 1153 Laetificos
427 1099 579 1153 tenui
616 1099 872 1169 captabat
910 1099 1069 1152 corde
1108 1100 1394 1166 tumultus,

104 1171 444 1243 Quamquam
481 1190 643 1244 aeger
681 1173 854 1239 seni0,
894 1173 985 1226 sed
1025 1173 1143 1243 agit
1181 1171 1489 1226 miseranda
1527 1175 1771 1241 potestas

102 1246 398 1318 Invigilare
437 1247 613 1301 malis.
689 1247 789 1300 Ille
829 1265 1016 1301 aereus
1055 1246 1290 1317 undique
1330 1247 1537 1300 clamor

107 1320 460 1391 Thebanique
498 1324 665 1375 ruunt
704 1320 936 1391 sonitus,
977 1325 1032 1374 et
1071 1340 1256 1375 amara
1295 1320 1516 1374 lacessit

104 1394 285 1465 Tibia,
323 1398 441 1449 tum
477 1396 647 1449 nimio
685 1413 846 1450 voces
884 1413 1127 1449 marcore
1168 1396 1430 1464 superbae
1708 1406 1795 1447 266

105 1467 457 1540 Incertaeque
493 1469 639 1523 faces
680 1473 735 1523 et
773 1470 883 1523 iam
922 1469 1065 1523 male
1105 1470 1336 1540 pervigil
1375 1469 1536 1539 ignis.

107 1541 195 1597 Sic
233 1543 327 1597 ubi
363 1561 462 1613 per
498 1543 694 1598 fluctus
733 1561 841 1598 uno
881 1543 1016 1597 ratis
1058 1544 1254 1598 obruta
1293 1561 1484 1597 somno

104 1615 399 1687 Conticuit,
436 1618 648 1688 tutique
688 1618 855 1672 maris
895 1635 1084 1672 secura
1121 1619 1371 1672 iuventus

104 1689 428 1746 Mandavere
469 1692 700 1746 animas:
741 1693 886 1747 solus
928 1695 1041 1746 stat
1078 1711 1257 1763 puppe
1298 1691 1564 1761 magister

107 1764 347 1836 Pervigil
385 1766 755 1838 inscriptaque
795 1766 924 1820 deus
966 1767 1057 1836 qui
1094 1767 1321 1837 navigat
1361 1767 1502 1819 alno,
1712 1778 1799 1818 270

181 1838 415 1909 Tempus
456 1843 594 1910 erat,
631 1842 846 1895 iunctos
886 1858 1008 1894 cum
1047 1841 1153 1894 iam
1198 1859 1353 1895 soror
1389 1841 1551 1911 ignea
1591 1837 1798 1893 Phoebi

111 1910 295 1967 Sensit
333 1930 501 1982 equos
539 1915 860 1984 penitusque
901 1932 1087 1969 cavam
1127 1915 1227 1968 sub
1266 1915 1387 1968 luce
1425 1917 1619 1984 parata

109 1986 309 2040 Oceani
347 1987 556 2057 mugire
595 1988 837 2058 domum,
878 2006 1099 2058 seseque
1136 1991 1429 2059 vagantem

108 2060 336 2131 Colligit
375 2064 432 2114 et
470 2061 663 2115 leviter
701 2064 850 2116 moto
889 2062 1047 2132 fugat
1086 2066 1235 2115 astra
1272 2062 1515 2131 flagello:

109 2134 410 2190 Concilium
440 2153 536 2189 rex
564 2135 721 2189 triste
751 2140 931 2201 vocat,
964 2139 1336 2205 quaeruntque
1373 2140 1674 2206 gementeS,
1713 2146 1800 2188 275

111 2208 243 2272 Quis
282 2208 528 2278 tripodas
567 2227 843 2263 successor
883 2214 1037 2280 agat,
1078 2228 1183 2279 quo
1222 2210 1447 2279 provida
1485 2210 1671 2263 laurus

111 2283 379 2336 Transeat
409 2284 570 2352 atque
595 2284 788 2337 orbum
813 2284 984 2337 vittae
1010 2285 1186 2338 decus,
1247 2283 1398 2338 Haut
1420 2302 1595 2353 mora,
1618 2282 1797 2336 cuncti

232 2418 333 2459 256.
369 2412 469 2458 ‘Nil
502 2440 556 2446 —
591 2414 734 2459 domi’
769 2414 1045 2460 Priscian.
1079 2415 1121 2459 X
1152 2420 1209 2460 29
1240 2430 1285 2473 p.
1320 2421 1422 2472 521,
1457 2421 1510 2460 13
1542 2414 1598 2458 Η.

233 2538 317 2578 251
368 2533 641 2589 ortaturque
683 2537 716 2575 P
754 2534 770 2591 fl
808 2538 894 2579 253
943 2533 1131 2579 sceleris
1177 2538 1307 2577 PGH
1353 2533 1581 2578 scelerum
1627 2531 1801 2588 381ss

111 2591 309 2636 rimatur
348 2592 538 2649 pectore
572 2594 620 2650 (a
650 2593 710 2638 al.
742 2607 798 2638 m.
831 2596 1080 2652 suprascr.)
1113 2596 1223 2638 voto
1256 2598 1289 2636 P
1319 2594 1335 2651 fl
1366 2599 1452 2638 263
1483 2593 1566 2637 ille
1596 2597 1629 2635 P
1660 2590 1799 2634 illum

110 2653 243 2697 ceteri
278 2652 295 2709 ΙΙ
333 2656 420 2696 264
449 2652 592 2695 ruunt
621 2656 655 2694 P
685 2653 827 2696 urunt
856 2655 988 2699 ceteri
1017 2656 1032 2710 ΙΙ
1063 2658 1150 2698 265
1189 2655 1302 2697 tunc
1332 2657 1457 2695 2111·
1486 2654 1503 2709 u
1532 2657 1618 2697 267
1650 2651 1745 2694 imo
1778 2663 1802 2692 c

100 2709 332 2761 ,Ψώεηιε
357 2714 365 2770 Ι
393 2709 534 2756 obvia
556 2715 588 2753 P
611 2713 627 2768 u
651 2715 736 2756 268
767 2711 982 2768 tantique
1014 2714 1140 2758 codd.
1173 2714 1271 2758 edd.
1303 2712 1488 2767 tutique
1513 2725 1626 2756 corr.
1651 2707 1800 2754 Baeh-

110 2771 290 2816 misius
321 2772 338 2828 ΙΙ
371 2775 459 2816 270
500 2769 768 2827 scriptaque
799 2775 832 2813 P
865 2774 881 2828 fl
915 2777 1001 2817 272
1035 2771 1190 2816 Sensit
1219 2777 1294 2814 ΡΤ
1326 2770 1481 2815 Sentit
1508 2774 1634 2813 Bsu
1666 2771 1683 2825 fl
1713 2772 1802 2811 274

112 2826 282 2874 leviter
317 2831 447 2875 moto
483 2834 559 2872 PG
596 2831 726 2874 moto
763 2829 933 2875 leviter
969 2835 1094 2875 Bsu
1131 2832 1147 2887 u
1187 2836 1272 2876 276
1312 2828 1532 2887 prodigia
1569 2828 1728 2874 laurus
1767 2831 1802 2869 P

113 2887 303 2946 prodita
331 2890 465 2935 ceteri
495 2888 695 2947 provida
725 2903 839 2935 corr.
874 2890 1165 2949 Peyraredus
1187 2891 1321 2947 prob.
1358 2889 1520 2935 Grotio
