1976 3126
691 151 1033 199 THEBAIDOS
1064 151 1176 200 LIB.
1207 151 1264 199 X.
1714 152 1823 207 285

76 310 77 314 =
135 274 378 347 Ungula,
418 274 746 346 sanguineus
784 274 933 329 lavat
970 274 1145 328 imber
1183 277 1239 327 et
1275 274 1504 344 impedit
1542 292 1685 328 axes.

78 407 79 410 ,
135 349 308 404 Dulce
345 349 477 404 viris
515 349 619 403 hac
656 349 733 402 ire
773 349 888 418 via,
929 366 1022 402 ceu
1061 351 1207 402 tecta
1247 348 1464 418 superbi
1736 361 1823 402 480

138 422 363 479 Sidonia
401 425 563 494 atque
601 423 749 494 ipsas
789 423 996 477 calcent
1032 423 1090 476 in
1130 424 1393 492 sanguine
1432 422 1662 477 Thebas,

135 497 404 553 Hortatur
443 496 747 567 Capaneus:
787 496 962 552 ‘Satis
1003 498 1294 564 occultata,
1334 497 1572 568 Pelasgi,

138 571 374 627 Delituit
411 572 608 627 virtus:
647 589 791 625 nunc
831 574 915 625 est
953 571 1087 624 mihi
1126 571 1338 625 vincere
1376 571 1661 642 pulchrum

50 655 93 718 ’ᾗ
136 645 297 700 Teste
336 645 443 717 «1103
484 663 694 700 mecum
733 646 967 700 clamore
1009 650 1063 699 et
1100 646 1321 715 pulvere
1361 650 1550 715 aperto

20 727 29 741 ⁰
86 757 89 762 -
136 719 219 775 Ite
257 720 461 791 palam,
500 719 742 774 iuvenes:
784 722 910 774 sunt
949 722 1004 773 et
1042 720 1178 773 mihi
1218 719 1444 789 provida
1482 719 1701 774 dextrae
1740 733 1826 774 485

30 804 42 864 τί
137 793 378 849 Numina
417 797 473 849 et
509 793 763 848 horrendi
803 795 993 848 stricto
1035 812 1291 847 mucrone
1330 794 1573 848 furores?

27 872 62 942 ss
141 867 230 923 Sic
271 868 370 939 ait3
410 867 659 923 ardentes
700 868 879 922 alacer
920 868 1194 922 succendit
1232 868 1501 922 Adrastus

137 941 535 1014 Argolicusque
575 959 761 1014 gener,
800 942 1044 1013 sequitur
1083 943 1189 996 iam
1230 943 1443 996 tristior
1483 959 1672 1012 augur.

135 1016 360 1087 Iamque
397 1020 650 1087 premunt
687 1035 871 1071 muros
913 1015 992 1088 (et
1030 1017 1203 1070 adhuc
1240 1034 1381 1070 nova
1419 1017 1610 1070 funera
1643 1021 1831 1070 narrat

40 1111 47 1173 j
138 1090 440 1163 Amphion)
480 1091 840 1163 miseramque
878 1091 1162 1146 intrabant
1199 1091 1447 1161 protinus
1486 1092 1698 1159 urbem,
1744 1105 1830 1145 490

138 1163 212 1219 Ni
249 1164 536 1237 Megareus
575 1167 794 1236 specula
833 1166 970 1220 citus
1011 1167 1366 1220 exclamasset
1404 1165 1474 1219 ab
1514 1166 1652 1219 alta:

33 1268 44 1280 κ
141 1238 392 1309 ‘Claude,
423 1239 580 1310 vigil,
612 1240 845 1294 subeunt
874 1240 1084 1307 hostes,
1117 1240 1302 1294 claude
1334 1240 1570 1309 undique
1594 1238 1830 1309 portas!'

215 1313 318 1367 Est
355 1314 451 1368 ubi
489 1314 583 1367 dat
620 1314 761 1368 vires
801 1314 1004 1367 nimius
1044 1315 1230 1368 timor:
1270 1314 1418 1367 ocius
1459 1315 1635 1367 omnis

140 1387 307 1442 Porta
345 1388 476 1457 coit3
517 1387 660 1442 solas
701 1389 827 1442 dum
866 1388 1075 1442 tardius
1116 1391 1263 1441 artat
1300 1387 1513 1442 Echion

141 1460 410 1533 Ogygias,
448 1462 621 1516 audax
661 1462 856 1516 animis
897 1461 1169 1531 Spartana
1208 1462 1459 1515 iuventus
1746 1475 1833 1516 495

140 1535 378 1606 Inrupit,
418 1536 667 1606 caesique
705 1541 871 1590 ruunt
908 1538 964 1589 in
1004 1538 1191 1589 limine
1231 1537 1406 1607 primo

63 1619 71 1642 ·’
141 1609 328 1664 Incola
365 1609 600 1680 Taygeti
638 1610 924 1681 Panopeus
964 1611 1234 1682 rigidique
1273 1615 1492 1664 natator

62 1727 66 1732 .
144 1683 380 1738 Oebalus
418 1684 682 1754 Eurotae3
721 1688 910 1756 tuque,
952 1703 983 1739 o
1025 1689 1263 1755 spectate
1301 1684 1587 1754 palaestris

145 1756 409 1812 Omnibus
449 1762 503 1812 et
540 1777 712 1829 nuper
749 1758 1021 1813 Nemeaeo
1061 1760 1118 1812 in
1156 1759 1378 1829 pulvere
1416 1759 1569 1827 felix,

146 1831 451 1902 Alcidama,
491 1833 683 1902 primis
723 1853 882 1903 quem
922 1834 1191 1887 caestibus
1231 1834 1347 1904 ipse
1387 1833 1590 1904 ligarat
1749 1846 1835 1885 500

147 1905 499 1974 Tyndarides,
535 1906 697 1960 nitidi
735 1909 970 1962 moriens
1010 1926 1248 1961 convexa
1286 1908 1535 1978 magistri

146 1978 418 2049 Respicis:
459 1998 649 2035 averso
689 1983 894 2050 pariter
932 1982 1062 2035 deus
1103 1982 1301 2036 occidit
1339 1986 1502 2035 astr0.

146 2053 223 2107 Te
261 2072 450 2107 nemus
491 2053 799 2124 Oebalium,
837 2059 892 2109 te
932 2055 1143 2109 lubrica
1179 2055 1300 2125 ripa
1338 2055 1615 2108 Lacaenae

149 2126 395 2198 Virginis
435 2130 491 2181 et
526 2128 666 2182 falso
707 2146 907 2199 gurges
947 2133 1198 2183 cantatus
1240 2129 1378 2182 olori

106 2242 110 2256 .
148 2199 358 2271 Flebit,
391 2201 698 2272 Amyclaeis
739 2202 955 2257 Triviae
994 2204 1251 2275 lugebere
1289 2202 1570 2272 nymphis,
1753 2217 1838 2255 505

268 2353 369 2394 493.
407 2348 518 2393 ‘Est
548 2374 605 2382 —
636 2349 801 2394 timor'
843 2349 989 2394 Serv.
1025 2349 1085 2393 ad
1116 2348 1231 2394 Aen.
1263 2348 1306 2392 H
1337 2354 1437 2393 354.

270 2486 358 2527 479
389 2480 511 2526 libat
540 2485 574 2524 P
596 2482 611 2539 ΙΙ
634 2486 719 2526 481
754 2482 983 2540 sanguine
1016 2489 1049 2526 P
1079 2483 1271 2540 pulvere
1302 2484 1435 2528 ceteri
1457 2485 1472 2539 ss
1496 2486 1582 2527 483
1613 2495 1738 2526 nunc
1770 2483 1842 2525 est

152 2544 186 2583 P
237 2553 363 2585 nunc
413 2554 538 2585 nunc
584 2543 717 2587 ceteri
754 2544 770 2599 ΙΙ
810 2547 896 2588 486
944 2542 1113 2588 Omina
1159 2544 1285 2588 codd.
1326 2544 1423 2587 edd.
1474 2541 1681 2585 Numina
1726 2555 1841 2585 corr.

154 2598 371 2646 Menkius
392 2602 491 2647 coll.
518 2601 622 2645 III
640 2604 732 2646 615
753 2603 769 2659 ΙΙ
792 2607 879 2648 487
915 2602 1126 2647 succedit
1155 2607 1188 2646 P
1210 2603 1226 2659 ΙΙ
1250 2607 1337 2646 490
1367 2601 1612 2645 intrabant
1634 2605 1666 2643 P
1684 2615 1758 2657 pr.
1784 2614 1841 2643 m.

153 2657 309 2702 Bam
347 2658 582 2704 intrarant
610 2665 643 2703 P
673 2675 729 2706 m.
762 2675 843 2707 sec.
884 2661 1142 2707 intrassent
1172 2666 1215 2704 Η
1244 2663 1260 2718 ΙΙ
1291 2666 1378 2705 495
1413 2660 1559 2704 animi
1588 2665 1634 2702 Μ
1669 2659 1842 2704 Grono-

153 2717 256 2763 vius
284 2719 302 2776 ΙΙ
330 2723 415 2765 497
455 2718 691 2776 ridigique
721 2724 754 2763 P
784 2723 800 2778 Ι]
831 2725 917 2767 500
961 2721 1256 2766 Alcidamma
1285 2725 1318 2762 P
1352 2724 1358 2773 Ι
1393 2719 1580 2776 ligabat
1610 2724 1642 2761 P
1674 2717 1845 2775 ligavit

154 2792 517 2926 {ss'ssgssq‘ffri
561 2828 594 2866 P
638 2822 759 2868 olori
799 2828 875 2867 GT
911 2826 1094 2883 Anylic.
1144 2824 1271 2868 olore
1310 2823 1466 2866 BG2R
1504 2826 1519 2880 ΙΙ
1559 2828 1645 2868 505
1691 2821 1845 2867 Fleuit
