1988 3106
140 149 209 203 86
742 147 791 192 P.
824 146 1055 190 PAPINII
1085 114 1284 190 surm

142 270 364 338 Semper
405 265 639 322 odoratis
679 266 961 335 spirabunt
998 265 1218 318 fioribus
1259 282 1398 332 arae,

142 342 364 411 Semper
404 344 457 394 et
493 339 751 409 Assyrios
790 340 918 391 felix
954 339 1104 391 bibet
1139 357 1273 391 urna
1310 338 1544 406 liquores

143 417 218 469 Et
256 415 522 484 lacrimas,
561 414 650 484 qui
688 413 859 465 maior
895 412 1083 465 honos
1135 412 1224 464 hic
1264 429 1419 464 sacra
1456 412 1635 463 litabit

140 489 396 543 Manibus
437 506 568 557 eque
608 489 699 539 tua
736 486 1004 538 tumulum
1041 486 1230 538 tellure
1268 484 1486 537 leuabit.

146 562 349 616 Nostra
388 579 596 631 quoque
636 560 878 628 exemplo
910 560 1132 611 meritus
1162 558 1264 611 tibi
1295 558 1531 611 carmina
1563 558 1754 627 sanxit,
1830 571 1914 611 215

147 636 265 690 Hoc
304 636 467 688 etiam
507 634 743 704 gaudens
783 633 1016 685 cinerem
1055 632 1281 686 donasse
1321 632 1578 700 sepulcro,

985 792 1080 846 IV.

685 909 921 954 CAPILLI
950 907 1132 953 FLAUI
1162 907 1388 952 EARINI.

147 1004 244 1072 Ite,
283 1020 482 1070 comae,
520 1001 838 1068 facilemque
874 1017 1063 1067 precor
1100 997 1448 1050 transcurrite
1486 1001 1729 1066 pontum,

144 1078 229 1129 Ite
268 1078 523 1129 coronato
561 1074 877 1126 recubantes
917 1072 1151 1125 molliter
1191 1089 1344 1139 aur03

149 1151 248 1218 Ite,
287 1149 437 1201 dabit
475 1166 659 1201 cursus
698 1147 844 1199 mitis
885 1143 1150 1214 Cytherea
1189 1144 1448 1197 secundos

148 1223 498 1291 Placabitque
535 1224 712 1290 notos,
749 1221 861 1273 fors
901 1222 953 1271 et
990 1219 1054 1271 de
1092 1235 1271 1287 puppe
1308 1218 1547 1270 timenda

150 1296 463 1349 Transferet
500 1295 661 1363 inque
700 1312 797 1347 sua
835 1293 992 1346 ducet
1030 1309 1190 1359 super
1228 1309 1462 1360 aequora
1500 1291 1715 1345 concha.
1897 1305 1921 1345 5

150 1370 350 1438 Accipe
389 1369 654 1437 laudatos,
692 1367 898 1420 iuuenis
938 1365 1219 1434 Phoebeie,
1259 1365 1451 1433 crineS,

156 1443 301 1505 Quos
339 1443 440 1495 tibi
480 1440 769 1494 Caesareus
809 1440 974 1492 donat
1012 1456 1159 1507 puer,
1198 1438 1375 1506 accipe
1413 1438 1583 1490 laetus

151 1518 485 1584 Intonsoque
525 1514 744 1567 ostende
782 1513 938 1582 patri.
993 1513 1106 1564 sine
1147 1512 1298 1563 dulce
1336 1511 1569 1563 nitentes

155 1586 446 1657 Comparet
484 1590 641 1656 atque
681 1587 771 1639 diu
808 1585 990 1638 fratris
1028 1587 1181 1653 putet
1218 1602 1332 1637 esse
1371 1584 1549 1653 Lyaei.

153 1663 363 1716 Forsan
402 1665 455 1715 et
493 1662 608 1730 ipse
648 1678 830 1714 comae
868 1677 1160 1728 numquam
1197 1659 1426 1714 labentis
1465 1658 1727 1711 honorem
1872 1673 1943 1718 10,

155 1736 461 1788 Praemetet
500 1737 659 1803 atque
700 1734 805 1786 alio
846 1734 1051 1785 clusum
1088 1732 1190 1792 tibi
1228 1734 1395 1799 ponet
1431 1732 1489 1783 in
1528 1750 1675 1787 auro,

155 1809 432 1878 Pergame,
471 1808 701 1876 pinifera
738 1807 968 1859 multum
1005 1805 1211 1858 felicior
1247 1804 1365 1856 Ida!

153 1882 262 1936 Illa
299 1882 425 1934 licet
464 1899 644 1934 sacrae
682 1881 894 1949 placeat
933 1879 1034 1931 sibi
1070 1879 1211 1930 nube
1249 1878 1470 1946 rapinae

158 1953 389 2025 (Nempe
429 1954 574 2006 dedit
613 1954 818 2022 superis
858 1954 1024 2020 illum,
1063 1969 1221 2021 quem
1257 1951 1473 2003 turbida
1513 1968 1722 2020 semper
1936 2003 1953 2016 „

155 2029 292 2082 Iuno
331 2028 480 2081 uidet
517 2028 821 2097 refugitque
858 2043 1077 2079 manum
1117 2027 1406 2093 nectarque
1444 2023 1694 2096 recusat),
1875 2022 1953 2089 15:2⁷

158 2104 235 2155 At
272 2105 333 2154 tu
372 2104 526 2171 grata
565 2101 677 2154 deis
715 2100 1041 2169 pulchroque
1078 2099 1304 2168 insignis
1345 2098 1560 2151 alumno

156 2175 358 2229 Misisti
396 2174 566 2243 Latio,
605 2174 815 2243 placida
853 2191 1008 2242 quem
1047 2172 1224 2225 fronte
1262 2172 1568 2224 ministrum

155 2247 364 2316 Iupiter
403 2247 674 2300 Ausonius
711 2247 913 2316 pariter
950 2246 1299 2314 Romanaque
1336 2244 1472 2297 Iuno

158 2319 447 2389 Aspiciunt
485 2324 538 2372 et
575 2323 798 2388 uterque
838 2320 1082 2388 probant.
1137 2335 1233 2370 nec
1271 2320 1425 2370 tanta
1461 2319 1670 2386 potenti
1937 2321 1953 2384 ς

160 2396 448 2447 Terrarum
487 2394 700 2446 domino
741 2389 925 2445 diuum
965 2393 1080 2444 sine
1120 2393 1297 2443 mente
1335 2391 1606 2459 uoluptas.
1873 2404 1948 2471 203

283 2615 369 2654 214
401 2624 517 2667 eque
556 2613 594 2652 A
625 2615 676 2654 c:
716 2611 858 2666 atque
899 2613 927 2653 ς
960 2609 1098 2664 inque
1132 2609 1304 2652 Markl.
1337 2609 1352 2664 ΙΙ
1389 2612 1473 2652 215
1505 2607 1654 2652 sancit
1684 2613 1712 2650 c
1744 2624 1783 2663 a,
1817 2594 1945 2658 corrs,

164 2671 230 2714 ω’
267 2669 610 2771 ξῧῗωπιαῑωη
640 2727 743 2771 dedi
774 2740 828 2770 ex
859 2729 916 2768 A:
959 2725 1006 2770 c.
1049 2724 1160 2769 flaui
1190 2724 1326 2768 ierini
1356 2726 1471 2781 <2119
1495 2724 1653 2768 fratris
1678 2728 1735 2768 A:
1767 2726 1909 2770 fratre
1936 2750 1942 2752 μ

166 2787 330 2889 (ΙΣιΙΙΙαᾷῘῖΖ
343 2786 578 2846 Premetet
608 2789 666 2828 A:
698 2785 935 2830 Premeret
966 2789 994 2826 c
1025 2784 1233 2827 Profer-et
1263 2784 1395 2826 Dom.
1434 2784 1450 2839 ΙΙ
1490 2788 1542 2827 13
1575 2783 1711 2827 laude
1742 2737 1947 2847 rapina}
