1976 3126
618 144 960 193 THEBAIDOS
991 145 1105 192 LIB.
1138 145 1236 192 XII.
1667 148 1776 202 335

48 292 49 296 ¹
85 266 575 323 Thermodontiaco
616 268 820 323 laetum
859 285 1098 322 remeare
1137 265 1443 340 triumpho)

46 398 49 403 ,
82 341 398 414 Imploratis
438 342 636 412 opem?
674 342 817 396 bello
857 342 1131 413 cogendus
1172 346 1227 396 et
1266 342 1431 396 armis
1690 357 1773 398 165

17 453 21 483 :
82 416 148 472 In
185 434 363 471 mores
402 416 782 488 hominemque
822 414 1031 471 Creon?
1111 415 1199 471 Sic
1238 416 1412 486 fatue,
1451 420 1509 471 at
1547 416 1660 471 illis

19 545 21 550 .
82 490 423 546 Horruerant
461 491 737 560 lacrimae,
777 491 1091 560 stupuitque
1129 491 1385 545 immanis
1427 491 1588 545 eundi

80 565 346 635 Impetus,
385 567 547 636 atque
586 583 694 620 uno
733 565 919 619 vultus
958 565 1165 634 pallore
1205 565 1393 637 gelati.

18 654 26 676 ⁵
81 637 207 694 Non
247 657 402 693 secus
443 639 666 694 adflavit
702 639 896 693 molles
939 639 984 692 si
1025 639 1236 709 quando
1277 641 1530 693 iuvencas

20 735 22 738 ·
83 712 325 785 Tigridis
363 712 649 784 Hyrcanae
689 714 926 768 ieiunum
967 732 1232 783 murmur,
1272 717 1327 767 et
1365 714 1482 783 ipse
1690 727 1773 768 170

0 802 27 837 3·
83 787 288 843 Auditu
327 788 578 843 turbatus
618 804 772 858 ager,
811 788 977 842 timor
1017 788 1274 841 omnibus
1314 788 1528 859 ingenS,

1 864 23 890 ²
81 860 230 926 Quae
269 861 506 933 placeat,
545 881 680 933 quos
720 862 817 916 illa
855 861 1025 916 fames
1068 862 1322 916 escendat
1360 863 1416 916 in
1457 880 1653 917 armos.

156 934 425 991 Continuo
466 936 669 991 discors
709 937 856 991 vario
898 937 1169 990 sententia
1209 940 1362 991 motu

24 1013 51 1074 ζῃ
81 1008 374 1065 Scinditur:
413 1010 500 1064 his
539 1009 756 1066 Thebas
795 1011 1171 1081 tumidumque
1212 1011 1418 1064 ambire
1458 1009 1718 1080 Creonta,

23 1082 33 1143 ἦ
79 1084 182 1139 His
221 1085 402 1155 placet
440 1084 676 1140 Actaeae
717 1086 764 1139 si
804 1085 931 1156 quid
972 1086 1261 1140 clementia
1301 1085 1479 1155 gentis
1687 1099 1770 1139 175

30 1172 42 1216 1:
78 1158 321 1229 Adnuatg
361 1161 660 1214 extremum
700 1178 952 1215 curarum
993 1177 1053 1214 ac
1092 1163 1252 1230 turpe
1292 1159 1512 1213 reverti.

78 1232 184 1287 Hic
222 1252 333 1288 non
370 1234 635 1290 femineae
675 1234 916 1289 subitum
955 1234 1173 1288 virtutis
1215 1252 1456 1288 amorem

80 1306 308 1378 Colligit
345 1306 544 1379 Argia,
581 1326 816 1378 sexuque
856 1309 1090 1363 immane
1130 1309 1322 1362 relicto

80 1381 302 1436 Tractat
341 1400 496 1452 opus:
536 1383 719 1452 placet
758 1383 964 1453 egregii
1004 1401 1127 1452 spes
1169 1383 1304 1436 dura
1342 1381 1532 1451 pericli

37 1509 42 1514 .
81 1455 398 1511 Comminus
439 1456 650 1511 infandi
693 1457 839 1528 leges
881 1457 1133 1511 accedere
1171 1457 1348 1528 regni,
1689 1470 1773 1511 180

79 1529 196 1594 Quo
235 1529 527 1602 Rhodopes
564 1550 677 1585 non
715 1532 827 1584 ulla
864 1550 1029 1585 nurus
1067 1549 1166 1585 nec
1206 1532 1424 1585 alumna
1462 1531 1641 1585 nivosi

77 1604 329 1660 Phasidis
367 1605 610 1675 innuptis
649 1606 856 1659 vallata
894 1606 1209 1660 cohortibus
1251 1606 1371 1659 iret.

81 1678 232 1733 Tunc
268 1682 452 1734 movet
489 1683 606 1733 arte
645 1680 853 1746 dolum,
893 1699 998 1750 quo
1038 1684 1211 1734 semet
1249 1680 1318 1734 ab
1360 1680 1575 1750 agmine
1616 1680 1723 1734 fido

81 1751 367 1824 Segreget,
405 1754 729 1839 inmitesque
769 1755 899 1808 deos
940 1772 1228 1826 regemque
1268 1758 1549 1809 cruentum

81 1825 460 1899 Contemptrix
499 1829 713 1882 animae
753 1832 808 1883 et
845 1847 1044 1914 magno
1083 1830 1371 1883 temeraria
1410 1828 1560 1884 luctu
1686 1843 1771 1884 185

77 1900 363 1972 Provocet3
401 1901 691 1956 hortantur
730 1903 905 1973 pietas
945 1905 1208 1988 ignesque
1247 1903 1445 1974 pudici.

79 1975 202 2046 Ipse
244 1976 411 2030 etiam
450 1980 575 2030 ante
615 1977 801 2031 oculos
842 1978 990 2031 omni
1028 1978 1345 2032 manifestus
1385 1978 1443 2030 in
1483 1981 1608 2031 actu

78 2049 237 2105 Nunc
282 2049 481 2120 hospes
526 2051 778 2119 miserae,
823 2052 1030 2120 primas
1069 2070 1210 2106 nunc
1250 2069 1480 2121 sponsus
1521 2052 1587 2104 ad
1626 2070 1773 2122 arae,

79 2123 239 2179 Nunc
277 2125 429 2178 mitis
468 2125 721 2194 coniunx,
758 2143 901 2179 nunc
939 2125 1049 2179 iam
1091 2126 1191 2179 sub·
1231 2125 1438 2179 casside
1477 2130 1637 2179 torva

80 2197 321 2253 Maestus
359 2199 418 2252 in
456 2200 706 2270 amplexu
745 2200 1084 2270 multumque
1125 2219 1156 2252 a
1192 2200 1378 2253 limine
1419 2218 1630 2254 summo
1686 2214 1769 2254 190

81 2271 417 2343 Respiciens:
458 2274 551 2327 sed
588 2275 738 2328 nulla
778 2275 961 2328 animo
1001 2277 1248 2327 versatur
1286 2275 1471 2344 imago

203 2437 288 2478 164
325 2432 745 2479 Termodoontiaco
786 2434 887 2478 0²0
922 2437 928 2492 Ι
963 2433 1254 2492 triumphum
1285 2440 1318 2477 P
1355 2436 1371 2492 Ι
1412 2440 1495 2480 167
1537 2434 1776 2481 Aruerant'

80 2491 288 2538 Kochius
318 2494 334 2549 [Ι
368 2498 451 2538 168
490 2492 644 2538 notati
674 2497 708 2537 Β
740 2509 883 2554 mary.
917 2494 973 2537 <³²
982 2510 1049 2549 pg
1078 2495 1220 2539 Belzh.
1253 2495 1382 2539 Leid.
1424 2507 1572 2550 aeque
1603 2509 1696 2539 11110
1727 2510 1770 2540 v.

79 2593 125 2638 p.
155 2581 349 2626 notatae
378 2581 438 2626 R.
479 2581 683 2639 Umerus
713 2584 728 2640 fl
761 2588 842 2628 171
887 2568 1105 2628 turbatus
1134 2587 1169 2626 B
1199 2583 1418 2628 turbatur
1446 2588 1492 2626 lt
1523 2584 1619 2628 edd.
1644 2584 1660 2639 11
1686 2588 1770 2628 172

85 2640 308 2685 escendat
337 2645 370 2684 1²
403 2639 660 2685 descendat
688 2641 843 2686 30²1
881 2631 1135 2687 descendet
1166 2658 1189 2686 c
1219 2644 1234 2700 ΙΙ
1267 2648 1350 2688 177
1381 2642 1606 2686 honorem
1638 2642 1771 2687 Leid

81 2713 125 2744 n
146 2700 246 2746 edd.
269 2702 286 2758 fl
312 2703 396 2746 178
427 2700 576 2757 Argia
599 2703 830 2758 producta
856 2704 1020 2748 ultima
1043 2702 1221 2761 syllaba
1246 2704 1411 2761 leyitur
1434 2703 1571 2747 etiam
1594 2716 1634 2746 v.
1659 2705 1769 2748 255.

83 2762 188 2805 303.
229 2762 332 2806 373.
375 2763 490 2815 391,
528 2761 681 2806 eadem
711 2767 919 2820 correpta
951 2762 1015 2806 ΙΙ
1044 2764 1154 2806 266.
1187 2764 1282 2808 297
1314 2762 1416 2805 III
1444 2764 1538 2806 678
1570 2761 1656 2804 ΧΙ
1679 2765 1769 2806 401

85 2817 207 2863 XII
233 2823 337 2865 113.
369 2822 476 2866 247.
509 2822 614 2866 326.
648 2824 741 2866 804
769 2823 787 2878 u
821 2826 904 2866 184
935 2821 1173 2878 Degreget
1202 2822 1273 2878 1²ss
1300 2825 1383 2866 188
1421 2834 1545 2864 1111110
1577 2834 1659 2866 om.
1691 2825 1725 2863 P
1756 2821 1771 2879 il

85 2881 166 2922 191
202 2877 476 2924 obversatur
507 2879 604 2924 edd.
637 2879 744 2925 inde
775 2895 806 2925 a
841 2879 1039 2927 Gronov.
