2020 3106
162 234 181 254 ο
258 173 301 217 Χ
762 170 1044 216 EDITORIS
1076 169 1439 217 PRAEFATIO.

263 293 645 363 quaterniones
687 297 743 345 et
783 292 999 361 singula
1037 291 1184 360 folia,
1228 295 1292 345 ut
1329 292 1636 345 interierint
1674 292 1776 345 hae
1815 292 1953 346 The-

258 368 448 420 baidos
496 370 703 436 partes:
751 366 778 418 Ι
828 368 949 420 1—-
968 365 1099 430 388,
1146 334 1225 419 I'V
1266 366 1464 420 833—
1485 367 1618 431 843,
1668 365 1804 419 VIII
1846 368 1951 422 127
2019 393 2020 411 1

258 441 446 495 -IX
493 442 626 510 230,
680 440 758 493 IX
810 439 1007 495 454-
1030 439 1152 492 903.
1239 438 1457 494 Scholia
1511 458 1648 509 quae
1702 440 1758 492 in
1813 459 1954 494 mar-

259 515 383 584 gine
433 512 518 586 (ut
566 483 626 567 111
665 523 709 567 Β
750 517 804 566 et
849 512 941 583 1²⁰)
997 513 1347 567 inveniuntur
1391 514 1662 582 permulta
1706 514 1952 583 pulcher-

256 589 392 642 rime
445 588 667 658 scripta,
717 588 783 641 ad
828 587 1161 641 emendanda
1197 586 1471 641 Lactantii
1509 588 1675 641 verba
1719 589 1950 641 multum

258 663 509 715 adlatura
572 680 688 715 esse
752 679 922 730 spero.
1015 660 1080 713 In
1141 660 1232 714 fol.
1290 661 1421 716 145⁸
1475 662 1731 731 leguntur
1790 662 1952 715 haec:

255 734 596 789 EXPLICIT
665 734 799 788 LIB.
861 733 982 788 XII.
1053 733 1470 789 THEBAIDOS
1542 735 1815 789 INCIPIT
1892 736 1952 788 P.
2017 770 2020 774 ι

255 809 507 863 ΡΑΡΙΝΙ
555 808 794 862 STATII
845 806 1336 863 ACHILLEIDOS
1384 809 1518 862 LIB.
1571 809 1612 862 Ι.
1699 807 1951 862 Codicem

255 885 313 937 in
366 884 702 937 bibliotheca
756 883 975 952 publica
1029 882 1339 953 Bremensi,
1404 901 1509 952 quo
1564 883 1951 952 Bulthauptius

262 957 643 1011 liberalissime
714 975 838 1010 eum
907 956 1386 1009 transmittendum
1456 960 1767 1026 curaverat,
1835 957 1952 1026 ipse

256 1032 474 1086 contuli.

408 1103 619 1159 Codex
674 1102 1176 1173 Bambergensis
1223 1103 1275 1157 N
1314 1103 1394 1157 IV
1444 1106 1509 1158 11
1558 1113 1603 1157 Β
1658 1104 1952 1157 membran.

259 1197 394 1233 saec.
434 1176 529 1232 ΧΙί
566 1179 802 1247 primum
844 1197 876 1231 a
914 1178 1172 1231 Muellero
1222 1181 1485 1248 quantum
1526 1178 1634 1231 scio
1677 1178 1952 1231 adhibitus

257 1257 310 1306 et
367 1257 544 1306 certus
598 1253 911 1322 integerque
968 1252 1192 1305 alterius
1249 1253 1577 1305 recensionis
1628 1253 1788 1305 testis
1841 1270 1951 1304 non
1991 1291 1994 1294 -

255 1327 531 1380 immerito
577 1325 843 1379 iudicatus
884 1330 979 1380 est.
1043 1324 1300 1380 Continet
1338 1326 1450 1380 foll.
1491 1326 1561 1379 93
1602 1326 1777 1379 solam
1815 1325 1951 1378 The·

255 1401 418 1454 baida
459 1418 576 1454 cum
620 1399 841 1454 scholiis
873 1400 1156 1469 permultis
1189 1400 1244 1453 in
1275 1401 1520 1469 margine
1554 1400 1786 1468 scriptis,
1817 1417 1951 1468 quae

256 1475 473 1544 quidem
527 1491 781 1543 magnam
828 1477 1037 1543 partem
1084 1492 1254 1542 paene
1310 1475 1575 1527 exstincta
1628 1474 1952 1526 difficillima
1995 1511 1997 1515 Α

255 1549 322 1601 ad
353 1548 642 1617 legendum
668 1551 807 1601 sunt.
858 1548 1011 1601 Folia
1048 1549 1104 1600 1³
1126 1546 1224 1601 22¹0
1249 1548 1346 1601 23³
1370 1548 1437 1600 91
1472 1548 1678 1617 liquore
1713 1547 1944 1617 quodam

254 1623 333 1675 ita
370 1622 590 1690 perfusa
630 1625 778 1690 sunt,
826 1625 887 1673 1113
933 1623 1099 1674 verba
1146 1625 1339 1690 poetae
1387 1639 1558 1690 paene
1606 1622 1824 1674 omnino
1865 1621 1950 1673 de-

254 1697 510 1751 lerentur.
586 1695 797 1748 Desunt
843 1695 901 1747 in
947 1695 1051 1748 hoc
1098 1695 1239 1748 libro
1288 1713 1474 1748 versus
1519 1694 1599 1747 IV
1648 1695 1772 1748 270.
1824 1695 1948 1765 386,

254 1769 362 1823 VII
401 1770 594 1822 296-
618 1769 748 1837 383,
794 1767 872 1821 IX
912 1768 999 1822 53.
1043 1769 1160 1822 187.
1203 1769 1335 1838 378,
1381 1768 1460 1821 XI
1498 1768 1625 1823 459.
1695 1736 1949 1822 Codicem
1996 1823 2002 1843 ,¹

256 1843 322 1896 ad
361 1844 530 1896 libros
572 1861 664 1896 sex
703 1842 1030 1911 posteriores
1061 1843 1177 1911 ipse
1210 1843 1433 1912 contuli,
1464 1843 1520 1896 in
1554 1861 1645 1895 sex
1676 1842 1947 1912 prioribus
1995 1845 2007 1871 ²

254 1917 577 1970 lectionibus
618 1936 649 1969 a
689 1916 950 1970 Muellero
990 1917 1220 1985 prolatis
1260 1934 1388 1970 usus
1430 1935 1561 1970 sum.
1614 1915 1781 1969 Initio
1820 1916 1949 1968 libri

254 1992 455 2060 legitur
501 1990 809 2058 inscriptio:
856 1989 1047 2043 INEP.
1094 1989 1230 2044 LIB.
1269 1989 1312 2043 Ι.
1354 1989 1608 2044 STATII.
1655 1988 1948 2043 PAPINII.

254 2063 577 2119 SVRSVLI.
616 2062 1060 2133 THEBAIDOS;
1116 2065 1172 2116 in
1218 2064 1324 2117 fine
1370 2064 1538 2117 totius
1579 2064 1834 2117 carminis
1875 2064 1947 2115 le-

253 2142 456 2207 guntur
478 2137 640 2190 haec:
674 2137 732 2190 P.
757 2137 1024 2191 ΡΑΡΙΝΙ.
1049 2137 1260 2192 STATI
1284 2136 1704 2191 THEBAIDOS
1727 2136 1949 2192 LIBER

251 2212 373 2266 XII.
411 2210 768 2265 EXPLICIT.

405 2285 641 2354 Optimis
689 2285 774 2338 his
816 2285 1088 2338 codicibus
1129 2285 1458 2356 adiungendi
1505 2289 1630 2339 sunt
1673 2286 1838 2339 ceteri
1877 2285 1949 2338 al·

254 2359 427 2412 terius
469 2359 682 2429 generis
714 2359 842 2412 libri
872 2360 1242 2428 manuscripti,
1283 2378 1510 2429 quorum
1541 2360 1798 2413 lectiones
1830 2359 1947 2412 ubi-

253 2451 508 2559 cussnqueh
517 2433 665 2516 inter
704 2450 760 2484 se
800 2438 1105 2503 congruunt
1135 2434 1323 2487 littera
1352 2442 1411 2487 M
1443 2434 1758 2504 significavi.
1807 2432 1947 2487 Sunt

252 2525 321 2559 au
349 2524 432 2559 em
511 2525 553 2559 1:

402 2578 546 2633 Cod.
585 2578 923 2633 Roffensis
965 2579 1138 2649 (Mus
1180 2579 1340 2634 Brit.
1374 2580 1444 2634 15
1477 2579 1594 2651 CX)
1635 2601 1665 2633 r
1704 2599 1838 2635 saec.
1871 2580 1945 2633 X⁰

253 2656 504 2708 exaratus
546 2653 786 2707 continet
824 2654 1114 2707 Thebaida.
1176 2654 1318 2707 Eum
1357 2655 1467 2707 iam
1504 2653 1784 2707 Bentleius
1825 2673 1944 2707 cum

253 2730 509 2796 quattuor
570 2728 691 2780 aliis
747 2727 1017 2781 codicibus
1074 2729 1140 2780 ad
1196 2728 1472 2782 Thebaida
1534 2730 1837 2781 contulerat
1892 2730 1947 2780 013

251 2801 437 2854 littera
482 2802 534 2854 θ
572 2801 914 2872 insignierat,
968 2806 1029 2855 ut
1085 2802 1335 2855 docemur
1391 2803 1468 2855 eis
1524 2820 1660 2872 quae
1713 2803 1798 2856 vir
1851 2802 1943 2854 ille

252 2875 585 2928 clarissimus
642 2876 937 2944 exemplari
985 2875 1235 2929 editionis
1284 2874 1641 2930 Gevartianae
1695 2894 1836 2929 nunc
1886 2875 1944 2937 in
