1988 3106
52 0 146 320 ἶ
186 92 188 95 ’
688 124 997 171 SILUARUM
1027 125 1079 172 L.
1111 124 1168 182 v,
1200 130 1240 170 2.
1738 125 1839 179 135

69 279 88 346 3
106 246 125 283 ²
413 322 416 325 ,
928 273 995 327 11.

330 388 568 434 LAUDES
608 387 867 434 CRISPINI
906 388 1109 434 UECTII
1150 388 1375 435 BOLANI
1418 388 1568 435 FILII.

55 519 58 523 ⁴
101 504 110 536 -’
126 511 222 549 ura
259 511 407 548 meus
446 492 725 563 Tyrrhena
763 493 898 563 petit
938 494 1211 564 saltusque
1253 487 1473 565 Tagetis

0 571 3 621 ἑ
38 571 41 617 j?
99 582 115 630 -3
154 566 375 638 ‘spinus3
414 583 512 620 nec
551 566 716 637 longa
754 584 904 620 mora
942 569 1025 620 est
1063 571 1156 620 aut
1195 566 1316 620 auia
1354 567 1534 635 tellus;

68 642 170 694 t
206 658 324 694 mea
363 642 565 694 secreto
606 639 875 693 uelluntur
913 643 1131 709 pectora
1163 658 1360 710 morsu,

40 712 41 716 ’
75 713 297 784 ,j'daque
335 715 613 784 turgentes
653 713 921 782 inpellunt
959 714 1162 766 lumina
1202 717 1400 784 gutta8‚

37 816 41 859 3
77 795 187 842 'eu
225 804 383 856 super
420 786 631 857 Aegeas
670 786 872 841 hiemes
914 786 1162 840 abeuntis
1202 788 1357 841 amici
1813 805 1838 843 5

77 860 208 916 *ela
246 877 438 931 sequar
477 862 816 930 spectemque
856 863 1026 914 ratem
1065 861 1171 913 iam
1211 862 1386 915 fessus
1426 861 1493 914 ab
1534 862 1659 916 altis

38 959 77 1008 3¹
103 933 314 1004 upibus
355 936 513 1003 atque
555 933 737 987 oculos
776 933 938 1004 longo
979 952 1169 1003 querar
1209 952 1328 988 aere
1370 934 1529 988 uinci.

39 1009 67 1084 i·
99 1006 248 1061 uid?
287 1006 333 1061 si
371 1006 594 1061 militiae
634 1007 741 1060 iam
781 1009 848 1072 te,
890 1025 1021 1077 puer
1044 1007 1240 1076 inclite,
1279 1008 1483 1077 primae

66 1105 71 1114 ⁴
109 1080 232 1135 lara
270 1080 574 1134 rudimenta
614 1083 667 1133 et
705 1083 1002 1134 castrorum
1044 1080 1195 1134 dulce
1235 1084 1454 1135 uocaret

39 1160 71 1198 ι’
102 1153 400 1224 uspicium‚
440 1155 641 1224 quanto
682 1157 962 1207 manarent
1001 1154 1197 1224 gaudia
1236 1154 1364 1208 fletu
1784 1171 1837 1210 10

66 1236 285 1289 ·,⁷¹uosue
326 1227 508 1281 darem
550 1227 846 1297 amplexus!
888 1227 1050 1281 etiam
1083 1227 1214 1281 haec
1254 1228 1490 1298 optanda
1522 1230 1837 1302 propinquis

62 1308 114 1371 [ζ
147 1301 308 1355 istia‘?
346 1303 401 1354 et
439 1303 660 1355 octonos
700 1300 783 1354 bis
823 1300 931 1354 iam
970 1301 1070 1354 tibi
1103 1301 1289 1355 circuit
1324 1302 1482 1356 orbes

61 1391 66 1419 ῑ
97 1373 214 1443 nita,
253 1374 345 1428 sed
385 1374 628 1445 angustis
669 1374 878 1427 animus
919 1374 1192 1428 robustior
1230 1375 1385 1428 annis

58 1447 446 1518 :cumbitque
486 1447 649 1517 oneri,
689 1450 742 1500 et
779 1451 1014 1500 mentem
1055 1466 1152 1501 sua
1192 1466 1302 1502 non
1341 1450 1486 1518 capit
1524 1454 1687 1504 aetas,

66 1526 185 1575 -¹ec
223 1521 441 1574 mirum:
479 1539 590 1575 non
628 1523 681 1573 te
723 1521 884 1574 series
925 1520 1191 1575 inhonora
1230 1526 1512 1591 parentum
1784 1539 1834 1579 15

70 1594 368 1648 ,sbsourum
405 1594 621 1664 proauis
662 1596 716 1647 et
752 1595 958 1663 priscae
998 1594 1132 1648 lucis
1172 1598 1419 1665 egentem

73 1665 289 1725 Plebeia
327 1667 390 1721 de
431 1667 595 1737 stirpe
634 1667 780 1735 tulit3
818 1686 927 1721 non
967 1668 1227 1738 sanguine
1267 1673 1443 1722 cretus

73 1727 308 1809 Qurmali
345 1741 638 1811 trabeaque
678 1739 847 1810 Remi,
884 1758 983 1794 nec
1021 1759 1253 1810 paupere
1294 1743 1445 1797 clauo

74 1808 374 1885 Angustam
415 1813 592 1868 sedem
632 1816 687 1867 et
724 1812 868 1868 Latii
906 1815 1176 1884 penetrale
1216 1819 1433 1869 senatus

70 1886 296 1955 ¹Aduena
326 1887 568 1958 pulsasti,
609 1887 701 1941 sed
740 1888 1087 1956 praecedente
1126 1891 1339 1942 tuorum
1779 1904 1835 1945 2ο

72 1958 317 2032 Agmine.
393 1960 638 2015 Romulei
678 1961 850 2031 qualis
890 1979 984 2031 per
1021 1962 1206 2032 iugera
1245 1963 1384 2031 circi,

63 2044 208 2098 ‘gum
245 2035 465 2104 pulcher
501 2034 622 2088 uisu
661 2038 708 2088 et
743 2035 913 2088 titulis
954 2051 1242 2106 generosus
1284 2037 1442 2089 auitis

121 2111 397 2177 xpectatur
435 2125 616 2178 equus,
654 2108 802 2160 cuius
841 2108 904 2160 de
944 2112 1223 2162 stemmate
1262 2110 1425 2180 longo

76 2235 80 2237 ,
112 2181 218 2234 ¹elix
256 2180 506 2235 emeritos
544 2180 708 2234 habet
745 2181 1042 2235 admissura
1079 2186 1341 2251 parenteS,

80 2255 98 2275 Q

78 2356 87 2380 ο
1103 2355 1107 2357 ,

187 2397 243 2443 ΙΙ.
286 2398 491 2444 Titulum
528 2412 582 2444 ex
620 2402 657 2442 A
697 2403 725 2441 c
765 2398 934 2454 (Uectii
972 2403 1030 2443 A:
1070 2399 1203 2445 Uecti
1242 2403 1287 2455 c)
1331 2402 1436 2446 dedi
1469 2404 1484 2459 u
1521 2408 1542 2446 1
1576 2404 1750 2460 tagetis
1783 2410 1831 2448 c:

73 2450 230 2514 figeni
260 2461 290 2502 ς
322 2472 349 2500 a
370 2459 386 2515 ΙΙ
410 2462 435 2502 3
468 2457 550 2503 Set
580 2457 865 2503 Gronouius:
889 2458 950 2502 Et
980 2462 1008 2500 c
1039 2473 1066 2501 a
1088 2460 1103 2515 ΙΙ
1126 2463 1154 2502 4
1186 2461 1347 2516 guttae
1382 2461 1555 2506 Markl.
1579 2463 1595 2518 Ι
1620 2467 1643 2507 7
1677 2463 1833 2509 oculos

73 2514 113 2561 A
147 2519 196 2559 σε
235 2515 379 2562 oculis
419 2520 448 2560 ς
493 2517 509 2573 ll
555 2520 581 2561 8
621 2515 741 2571 Quid
772 2520 809 2559 A
840 2521 889 2560 σε
929 2517 1052 2573 quod
1085 2522 1114 2561 ς
1159 2519 1175 2573 ΙΙ
1225 2523 1274 2562 11
1318 2519 1458 2564 etiam
1490 2520 1606 2565 haec
1644 2523 1832 2578 scripsi:

125 2571 216 2619 'am
251 2587 309 2619 ne
347 2577 384 2618 A
423 2579 451 2617 0
485 2575 491 2632 Ι
525 2574 795 2632 propinquis
829 2579 879 2620 3:
918 2575 1167 2632 propinqui
1199 2581 1226 2618 c
1258 2592 1285 2619 a
1315 2579 1330 2634 fl
1364 2583 1417 2621 12
1451 2580 1498 2623 et
1530 2583 1581 2624 ςε
1617 2582 1670 2624 ut
1701 2584 1730 2622 c
1761 2596 1788 2624 a
1818 2585 1822 2630 l

68 2652 71 2658 ·
111 2688 113 2690 q
170 2630 526 2690 succumbitque
566 2637 594 2675 c
634 2648 680 2688 a,
721 2635 909 2680 correaei.
949 2638 1090 2679 totum
1121 2648 1299 2680 uersum
1337 2637 1421 2681 del.
1454 2637 1684 2682 Bar-thius
1718 2641 1735 2695 ΙΙ
1776 2643 1829 2684 18

82 2736 124 2747 .‚-.
145 2688 204 2736 be
241 2703 296 2736 ac
332 2691 471 2737 remis
511 2693 559 2737 et
596 2694 633 2734 A
668 2692 892 2749 trabeque
932 2705 985 2736 ac
1015 2693 1154 2737 remis
1186 2695 1234 2738 et
1265 2698 1313 2750 c,
1346 2708 1458 2739 cor-r.
1492 2696 1681 2752 Lipsius
1718 2699 1734 2754 ΙΙ
1773 2703 1825 2742 21

72 2744 262 2800 fiunem
291 2749 400 2795 circi
432 2750 606 2795 Markl.
630 2750 646 2807 ΙΙ
668 2754 724 2795 22
765 2753 812 2795 et
849 2751 1090 2797 Heinsius:
1129 2764 1213 2797 om.
1253 2756 1282 2794 c
1321 2767 1348 2795 a
1376 2755 1392 2810 ΙΙ
1423 2758 1479 2797 24
1515 2754 1762 2801 demeritos
1793 2761 1830 2799 A

72 2802 118 2861 0,
146 2819 260 2854 corr.
291 2807 537 2854 &martius
