2020 3106
653 143 1058 193 ACHILLEIDOS
1090 143 1140 189 L.
1174 143 1209 188 Ι.
1710 138 1781 191 25

23 249 27 286 ⁹
92 269 460 340 Thestorides3
498 287 625 323 mox
664 268 791 339 igne
831 284 999 337 genas
1042 268 1095 320 et
1134 265 1395 337 sanguine
1435 267 1694 332 torquens

91 344 207 403 Neo
245 343 420 399 socios
458 360 557 398 nec
596 345 777 396 castra
814 340 983 409 videt,
1024 339 1119 393 sed
1158 357 1346 394 caecus
1386 340 1441 390 et
1480 337 1677 390 absens

93 417 252 479 Nunc
292 434 545 488 superum
584 433 815 487 magnos
856 413 1140 484 deprendit
1178 414 1236 466 in
1277 412 1496 466 aethere
1537 412 1745 478 coetus,

94 492 251 549 Nunc
292 509 453 564 sagas
495 489 715 544 adfatur
754 506 904 559 aves,
941 505 1084 541 nunc
1124 488 1258 541 dura
1298 503 1542 540 sororum

93 566 267 630 Licia,
305 565 558 619 turiferas
599 563 759 618 modo
800 562 1035 617 consulit
1076 562 1266 615 anxius
1308 578 1429 614 aras
1702 570 1788 611 520

93 640 570 709 Flammarumque
612 638 792 708 apices
832 636 978 706 rapit
1017 639 1071 689 et
1111 636 1343 706 caligine
1384 651 1540 687 sacra

94 714 355 769 Pascitur.
429 711 710 766 Exsiliunt
749 711 922 765 crines
962 709 1259 781 rigidisque
1299 708 1517 762 laborat

97 786 255 843 Vitta
294 786 484 857 comis,
522 804 622 839 nec
662 785 804 839 colla
841 785 961 838 loco
1002 802 1100 837 nec
1139 784 1195 837 in
1235 782 1422 836 ordine
1464 797 1696 852 gressus,

97 861 337 916 Tandem
374 860 523 915 fessa
561 862 800 914 tremens
841 858 1022 930 longis
1063 858 1366 926 mugitibus
1407 873 1503 908 ora

98 934 292 1006 Solvit,
331 937 386 989 et
426 934 742 1004 oppositum
781 950 885 986 vox
926 932 1163 985 eluctata
1202 931 1441 985 furorem
1481 931 1585 981 est:
1708 939 1793 980 525

98 1008 236 1074 ‘Quo
276 1007 422 1078 rapis
462 1008 741 1078 ingentem
779 1006 967 1077 magni
1008 1004 1259 1060 Chironis
1300 1005 1578 1058 alumnum

94 1082 390 1152 Femineis,
427 1081 616 1151 Nerei,
655 1080 833 1134 dolis‘?
909 1079 1030 1133 Huc
1070 1080 1253 1133 mitte:
1293 1078 1421 1149 quid
1463 1075 1683 1130 aufers?

95 1156 221 1212 Non
258 1156 462 1226 patiar:
505 1173 656 1209 meus
696 1155 823 1224 iste,
861 1172 1027 1207 meus,
1106 1153 1189 1206 Tu
1229 1153 1353 1206 diva
1391 1149 1669 1221 profundi,

95 1230 172 1284 Et
209 1247 295 1284 me
326 1228 579 1283 Phoebus
621 1228 750 1299 agit.
819 1227 1068 1281 Latebris
1103 1227 1297 1297 quibus
1332 1226 1525 1279 abdere
1558 1226 1793 1292 temptas

95 1304 415 1359 Eversorem
453 1301 657 1356 Asiae?
733 1301 907 1356 Video
948 1318 1044 1370 per
1085 1299 1351 1370 Cycladas
1393 1300 1532 1352 altas
1707 1310 1794 1349 530

95 1378 404 1432 Attonitam
443 1379 499 1430 et
534 1376 683 1446 turpi
722 1379 1068 1445 quaerentem
1109 1376 1274 1428 litora
1310 1374 1472 1427 furt0.

97 1450 428 1506 Occidimus:
466 1451 674 1520 placuit
711 1449 1038 1519 Lycomedis
1079 1449 1295 1502 conscia
1333 1447 1513 1501 telluS.

99 1524 144 1579 Ο
187 1525 385 1579 scelus!
426 1543 493 1579 en
530 1523 706 1578 fluxae
744 1524 970 1577 veniunt
1009 1523 1067 1576 in
1104 1526 1328 1592 pectora
1365 1524 1563 1574 vestes.

102 1597 315 1669 Scinde,
352 1617 507 1668 puer,
547 1598 728 1652 scinde
769 1600 823 1650 et
861 1597 1086 1651 timidae
1124 1616 1192 1650 ne
1234 1596 1360 1650 cede
1399 1593 1626 1664 parenti.

103 1672 174 1726 Ei
185 1672 323 1726 mihi
338 1675 526 1742 raptus
540 1673 678 1726 abit!
694 1690 958 1742 quaenam
970 1671 1104 1725 haec
1115 1671 1306 1740 procul
1320 1669 1569 1738 improba
1585 1667 1740 1737 virgo
1751 1664 1799 1718 ’θ’

252 1744 358 1799 Hic
393 1748 620 1799 nutante
661 1746 833 1817 gradu
875 1746 1030 1799 stetit
1068 1746 1387 1814 amissisque
1426 1742 1627 1796 furoris
1713 1753 1798 1793 536

107 1818 331 1873 Viribus
371 1822 496 1872 ante
532 1820 681 1890 ipsas
719 1820 1069 1873 tremefactus
1110 1819 1313 1872 corruit
1351 1836 1489 1870 aras,

106 1891 258 1946 Tunc
296 1891 610 1946 haerentem
647 1893 897 1947 Ithacum
937 1892 1271 1963 Calydonius
1312 1893 1541 1961 occupat
1578 1890 1762 1943 heros:

108 1964 243 2020 ‘Nos
282 1968 442 2019 vocat
477 1966 581 2019 iste
620 1967 798 2036 labor3
837 1985 1011 2036 neque
1044 1967 1189 2019 enim
1221 1984 1398 2019 comes
1430 1966 1509 2018 ire
1541 1982 1799 2032 recusem,

106 2037 164 2093 Si
203 2042 300 2092 tua
339 2057 468 2092 cura
504 2039 702 2093 trahat.
777 2039 932 2092 Licet
970 2041 1063 2093 ille
1105 2040 1424 2093 sonantibus
1466 2039 1636 2092 antris
1714 2050 1800 2090 540

103 2111 347 2183 Tethyos
388 2130 609 2166 aversae
650 2113 963 2184 gremioque
1001 2116 1279 2183 prematur
1318 2113 1510 2182 aquosi

100 2184 332 2240 Nereos:
369 2186 627 2240 invenies.
705 2185 788 2240 Tu
825 2189 1038 2240 tantum
1078 2187 1334 2256 providus
1375 2189 1497 2239 astu

155 2407 158 2414 ,
220 2350 306 2392 517
339 2345 506 2392 absens
530 2349 595 2401 Ap
627 2359 787 2391 amens
810 2352 855 2390 M
878 2347 894 2403 ΙΙ
918 2351 1003 2392 518
1036 2347 1086 2391 in
1117 2347 1312 2392 aethera
1340 2348 1497 2391 coetos
1521 2351 1554 2389 P
1576 2347 1592 2403 ΙΙ
1616 2349 1702 2390 519
1729 2358 1799 2390 sa.-

102 2409 332 2463 gaxPpH
355 2419 510 2450 sacras
529 2409 564 2448 G
591 2408 600 2462 1
626 2405 728 2450 dira
750 2407 849 2454 edd.
873 2407 889 2463 ΙΙ
913 2410 1000 2452 520
1023 2406 1298 2451 turicremas
1321 2406 1541 2451 Menkius
1560 2407 1572 2463 {ss
1590 2410 1677 2450 524
1701 2403 1800 2461 api·

103 2476 204 2510 cem
233 2465 463 2521 21111527
497 2464 610 2521 quid
642 2465 785 2510 audes
815 2465 970 2510 aufers
1002 2470 1035 2508 P
1058 2467 1074 2522 ΙΙ
1098 2470 1333 2510 529-662
1369 2479 1526 2510 versus
1557 2466 1609 2509 in
1639 2469 1697 2507 Pc
1721 2477 1798 2520 pr.

101 2535 158 2586 m.
189 2536 289 2593 ona,
321 2525 382 2569 al.
406 2539 463 2568 m.
497 2524 633 2577 add.;
663 2528 899 2570 529—660
923 2526 976 2569 in
1001 2525 1058 2568 (³²
1087 2539 1165 2581 pr.
1197 2539 1256 2571 m.
1278 2534 1388 2580 ‘0m.,
1419 2525 1625 2582 maryim‘
1649 2525 1708 2568 al.
1742 2536 1798 2566 m.

103 2581 328 2639 adsumpti
363 2587 473 2628 sunt
502 2584 519 2640 ΙΙ
558 2587 643 2627 529
684 2583 749 2627 At
778 2598 854 2628 me
885 2584 1255 2629 Sandstroemius
1286 2585 1315 2628 l.
1349 2585 1377 2627 l.
1422 2585 1428 2639 Ι
1471 2583 1642 2628 addere
1672 2586 1705 2624 P
1737 2582 1794 2636 cf.

102 2652 143 2685 v.
178 2645 260 2686 199
292 2641 310 2699 ΙΙ
340 2646 428 2686 534
457 2655 516 2686 ne
548 2642 660 2687 cede
691 2647 821 2686 PPct
851 2643 983 2688 Leid.
1014 2657 1074 2688 ne
1100 2643 1234 2688 crede
1259 2643 1372 2685 (ΡΜ
1394 2644 1410 2698 Η
1435 2646 1670 2687 537-557
1702 2654 1796 2685 ver-

103 2709 182 2744 m
209 2700 374 2746 desunt
395 2702 448 2745 in
470 2706 506 2743 D
537 2702 553 2758 ΙΙ
591 2705 677 2745 537
710 2701 920 2747 defectus
953 2702 1128 2747 corruit
1160 2701 1343 2747 Cortius
1365 2703 1381 2759 ΙΙ
1405 2706 1491 2745 539
1523 2713 1733 2745 recusem
1763 2703 1797 2742 P

103 2760 438 2827 recusosseteri
458 2761 474 2817 ΙΙ
498 2765 577 2804 541
617 2774 808 2805 aversae
839 2766 1020 2816 PPch
1052 2761 1185 2806 Leid.
1217 2775 1294 2817 pr.
1326 2775 1384 2805 m.
1419 2760 1642 2804 Heinsius
1672 2758 1796 2803 Bar-

105 2814 227 2862 tlmw
263 2819 360 2863 coll.
400 2817 648 2864 Claudiam.
687 2820 742 2864 de
779 2819 839 2865 R.
881 2821 964 2865 Pr.
1006 2821 1113 2864 III
1148 2823 1240 2875 319
1269 2833 1333 2876 sq.
1365 2823 1475 2864 asise
1511 2825 1532 2862 t
1574 2819 1795 2864 adversae

107 2874 213 2918 (ΡΗ
236 2875 366 2922 Leid.
396 2890 454 2923 m.
479 2878 558 2923 alt.
587 2880 594 2936 Ι
623 2878 785 2934 aquosi
809 2883 946 2937 PPcp
979 2893 1155 2936 aquoso
1180 2877 1341 2921 G²GH
1373 2891 1508 2923 acose
1533 2885 1554 2921 t
