1976 3126
738 188 1078 236 THEBAIDOS
1108 189 1219 237 LIB.
1253 189 1332 236 IX.
1776 190 1885 245 259

193 313 309 371 Nec
346 315 402 369 te
442 313 506 367 de
546 312 724 367 dubiis
764 311 1006 366 fraterna
1044 312 1263 366 oracula
1301 310 1535 366 fallunt?

194 387 325 443 ‘Sed
365 387 526 442 decus
566 389 864 441 extremum
904 385 1068 441 certe’
1108 386 1331 441 confusa
1370 386 1607 440 vicissim

193 462 364 534 Virgo
404 461 592 532 refert,
632 460 920 531 ‘veraeque
959 460 1086 515 licet
1125 461 1330 515 solacia
1369 460 1533 515 morti

193 535 483 607 Quaerere,
520 552 620 590 nec
649 535 826 606 fugiet
859 553 1082 604 poenas,
1122 535 1442 606 quicumque
1475 534 1762 589 nefandam
1796 549 1882 591 665

189 609 431 665 Insontis
469 609 624 680 pueri
663 608 942 663 scelerarit
982 609 1245 681 sanguine
1285 609 1530 662 dextram

189 683 420 756 Impius,
459 687 515 738 et
552 683 755 738 nostris
794 682 878 737 fas
918 683 990 737 sit
1030 684 1238 737 saevire
1278 682 1533 754 sagittis?

190 757 278 814 Sic
319 759 481 813 effata
519 761 703 813 movet
742 774 960 827 gressus
1001 758 1328 829 libandaque
1368 758 1525 811 fratri

189 831 412 887 Parcius
453 850 549 887 ora
586 832 738 902 tulit,
777 830 1099 902 Thebasque
1138 832 1338 886 infesta
1375 832 1587 903 petivit.

263 906 341 961 At
379 924 565 978 pugna
603 906 804 977 ereptis
844 906 1016 959 maior
1054 907 1319 960 crudescit
1357 907 1628 976 utrimque
1793 921 1880 962 670

188 980 453 1052 Regibus,
493 981 840 1051 alternosque
879 980 987 1034 ciet
1025 981 1264 1035 vindicta
1303 982 1528 1035 furores.

187 1054 444 1126 Hypseos
482 1055 611 1109 hinc
649 1057 862 1108 turmae
901 1054 1310 1126 desolatumque
1350 1056 1616 1126 magistro

187 1128 426 1200 Agmen‚
457 1131 515 1183 at
545 1128 674 1183 hinc
704 1128 923 1200 gravius
953 1129 1136 1182 fremit
1159 1129 1616 1200 Hippomedontis
1642 1129 1881 1199 adempti

191 1201 339 1258 Orba
378 1202 593 1275 cohors3
632 1203 895 1274 praebent
934 1202 1119 1256 obnixi
1158 1221 1385 1274 corpora
1424 1203 1591 1272 ferr0,

186 1275 336 1331 Idem
376 1277 536 1332 ardor
572 1277 776 1331 rabidis
819 1280 1097 1331 externum
1140 1277 1356 1331 haurire
1397 1295 1639 1331 cruorem
1793 1291 1880 1332 675

187 1350 267 1405 Ac
304 1350 508 1405 fudisse
547 1370 728 1421 suum,
766 1369 864 1405 nec
904 1369 961 1404 se
1001 1351 1233 1420 vestigia
1271 1355 1502 1405 mutant.

187 1423 312 1480 Stat
350 1443 518 1480 cuneo
559 1425 735 1479 defixa
774 1427 940 1494 acies,
979 1425 1231 1496 hostique
1272 1429 1493 1480 cruento

185 1499 335 1554 Dant
374 1499 581 1554 animas
622 1502 676 1553 et
713 1504 870 1570 terga
908 1503 1133 1569 negant:
1173 1518 1294 1553 cum
1334 1500 1488 1569 lapsa
1526 1518 1622 1571 per
1662 1517 1819 1553 auras

187 1572 408 1628 Vertice
447 1573 664 1628 Dircaei
704 1575 861 1628 velox
901 1573 1133 1627 Latonia
1174 1575 1373 1627 montis

185 1646 440 1719 Adstitit3
479 1650 784 1719 agnoscunt
824 1648 988 1701 colles
1027 1650 1318 1718 notamque
1357 1649 1634 1702 tremescit
1791 1662 1877 1703 680

186 1720 335 1776 Silva
373 1722 551 1792 deam,
591 1723 765 1777 saevis
805 1722 897 1775 ubi
938 1722 1210 1792 quondam
1250 1725 1434 1776 exerta
1473 1723 1692 1792 sagittis

66 1786 93 1877 ᾗ
184 1795 490 1850 Fecundam
527 1797 674 1852 lasso
713 1796 929 1850 Nioben
968 1800 1381 1866 consumpserat
1419 1815 1558 1851 arcu.

257 1869 419 1924 Illum
459 1870 601 1924 acies
641 1871 783 1924 inter
823 1873 1016 1940 coepta
1053 1871 1165 1925 iam
1206 1872 1365 1925 caede
1406 1872 1701 1941 superbum

184 1942 418 1998 Nescius
458 1962 731 1998 armorum
772 1947 826 1998 et
863 1946 1069 2015 primas
1110 1948 1239 1999 tunc
1277 1964 1470 2016 passus
1510 1946 1750 1999 habenas

184 2017 427 2072 Venator
464 2018 721 2088 raptabat
758 2037 948 2088 equuS‚
989 2038 1148 2088 quem
1189 2018 1425 2073 discolor
1465 2020 1639 2074 ambit
1789 2034 1875 2073 685

183 2091 363 2162 Tigris
403 2094 459 2145 et
499 2092 706 2146 auratis
747 2092 1067 2146 adverberat
1104 2094 1378 2163 unguibus
1419 2112 1615 2147 armos,

182 2163 345 2219 Colla
382 2165 570 2220 sedent
605 2166 764 2221 nodis
805 2169 860 2219 et
897 2168 1167 2236 castigata
1204 2167 1452 2220 iubarum

181 2239 455 2312 Libertw,
493 2241 839 2311 nemorisque
877 2243 1042 2294 notae
1082 2242 1182 2294 sub
1222 2244 1441 2311 pectore
1480 2241 1658 2311 primo

301 2390 401 2431 667.
438 2387 507 2431 ‘et
540 2412 594 2419 -
628 2385 838 2444 sagittis’
874 2386 1049 2431 schol.
1085 2387 1230 2431 Theb.
1263 2386 1327 2430 IX
1359 2391 1445 2432 876
1476 2402 1522 2444 p
1556 2392 1643 2432 336
1676 2386 1725 2433 L.

301 2509 385 2550 662
419 2503 477 2549 de
510 2504 667 2548 dubiis
692 2510 724 2547 P
754 2519 878 2549 nunc
909 2504 1066 2550 dubiis
1091 2507 1224 2551 ceteri
1246 2507 1262 2563 ss
1287 2510 1372 2550 663
1405 2505 1498 2550 Sed
1521 2511 1601 2549 PB
1631 2506 1695 2549 At
1717 2509 1843 2549 ΕΒΗ
1859 2507 1875 2565 ΙΙ

181 2563 306 2607 certe
329 2567 362 2606 P
392 2562 563 2608 misero
589 2565 723 2609 ceteri
749 2566 755 2621 Ι
784 2566 1207 2651 Interpwzctionem
1232 2567 1408 2609 correxi
1430 2568 1445 2622 fl
1471 2571 1556 2610 664
1579 2571 1874 2622 veraequeP

182 2620 415 2679 duraeque
431 2626 465 2666 Β
477 2627 557 2666 81
581 2622 802 2679 diraeque
819 2624 1064 2674 1381113669
1082 2623 1154 2668 ira
1170 2622 1355 2670 tulitr:t
1351 2629 1459 2681 672
1477 2623 1693 2681 Hypseus
1705 2629 1739 2667 P
1754 2625 1770 2683 Η
1786 2630 1874 2668 674

89 2714 93 2724 .
181 2693 376 2740 corpora
390 2686 424 2725 P
439 2682 549 2727 Bel».
575 2684 768 2740 pectora
784 2687 907 2726 Bsu
929 2686 945 2741 [Ι
968 2689 1054 2728 676
1080 2697 1164 2727 sua
1187 2696 1272 2726 nec
1290 2664 1496 2740 vestigia
1511 2689 1543 2726 Τ
1560 2684 1841 2728 Schrader-us
1859 2685 1874 2741 ¹1

181 2744 272 2786 ew
304 2740 584 2796 hostemque
615 2746 647 2784 P
678 2743 693 2799 ΙΙ
726 2747 811 2787 678
853 2744 1032 2786 animos
1063 2747 1095 2785 P
1130 2746 1138 2799 Ι
1173 2743 1344 2786 natant
1373 2747 1405 2785 P
1429 2757 1504 2799 pr.
1539 2757 1596 2787 m.
1637 2744 1809 2787 notant
1839 2747 1873 2786 P

178 2811 261 2846 δυο.
292 2814 350 2845 m.
381 2802 513 2858 11682
555 2799 685 2845 laeso
715 2805 748 2843 P
781 2803 797 2859 ΙΙ
829 2805 913 2846 683
945 2801 1104 2857 Illum,
1144 2803 1205 2846 al.
1239 2816 1296 2845 m.
1329 2816 1559 2859 suprascr.
1595 2816 1629 2846 S.
1663 2815 1761 2859 par.
1793 2807 1827 2844 P

181 2859 372 2917 coeptas
402 2864 435 2903 P
472 2861 645 2916 coepta
683 2861 849 2917 scripsi
883 2860 1063 2905 medias
1107 2865 1234 2904 BSH
1274 2860 1396 2905 inter
1435 2860 1603 2905 densas
1643 2860 1768 2906 acies
1799 2876 1826 2915 p
1856 2864 1861 2921 1

181 2920 267 2963 688
297 2919 435 2963 notat
464 2924 496 2962 P
521 2933 598 2976 pr.
631 2934 688 2964 m.
721 2921 831 2964 note
863 2922 922 2964 al.
954 2935 1011 2965 m.
1044 2934 1158 2965 corr.

1428 2995 1517 3040 17*
