2020 3106
191 104 302 153 VIII
560 125 563 128 ·
698 105 987 152 EDITORIS
1017 105 1374 152 PRAEFATIO.

191 227 530 295 Gronovii‚
592 247 638 281 a.
697 228 838 281 1653
902 226 1306 281 Amsterodami
1355 227 1546 282 formis
1602 228 1886 300 descripta,

189 306 480 372 postquam
505 303 595 355 ille
620 302 774 355 edita.
789 302 901 355 iam
920 301 1060 355 1637
1085 302 1144 355 in
1168 300 1342 356 Silvas
1364 301 1616 356 Diatribe
1640 304 1882 372 prolusit.

192 376 530 446 Quamquam
568 395 666 430 nec
706 394 922 430 omnem
970 374 1130 429 Statii
1179 378 1488 430 contextum
1535 377 1732 431 iudicio
1784 397 1882 431 suo

190 451 421 504 subiecit
458 454 512 503 et
550 451 721 504 multa
759 450 956 504 vitiosa
993 450 1226 520 reliquit,
1265 450 1462 503 summi
1500 453 1686 504 tamen
1721 453 1880 520 pretii

190 526 568 579 adnotationes
610 527 758 593 sunt,
798 543 932 594 quas
972 524 1196 578 editioni
1235 524 1516 578 adiunctas
1527 523 1570 596 2)
1619 524 1882 579 Daumius

190 598 266 653 in
305 600 531 667 pondere
583 616 688 652 non
749 616 937 667 magno
988 600 1119 652 satis
1160 598 1504 666 ponderosa-5⁹
1565 617 1680 652 esse
1738 599 1885 653 haud

187 674 438 727 inmerito
489 673 759 726 iudicavit.
852 673 919 726 In
976 673 1328 726 fundamento
1387 691 1420 725 a
1472 672 1745 727 Gronovio
1798 693 1884 727 ex-

189 750 418 817 struct0‚
457 751 519 800 ut
556 748 635 800 ita
674 747 872 815 dicam,
912 747 1177 801 editiones
1218 747 1286 800 ad
1323 765 1489 799 unam
1538 747 1652 800 fere
1692 766 1879 802 omnes

186 840 355 891 usque
395 822 463 874 ad
499 825 744 875 nostram
785 824 1018 875 aetatem
1063 823 1189 874 sunt
1232 821 1467 890 positae:
1517 820 1885 876 Barthiana

186 914 232 948 a.
262 896 430 964 1664,
469 895 825 965 Bipontina
864 914 910 949 a.
948 895 1114 964 1785,
1152 894 1450 948 Parisina
1488 913 1533 948 a.
1571 895 1881 967 1825—30‚

185 969 650 1023 Duebneriana
711 989 757 1022 a.
817 970 977 1025 1835.
1030 969 1126 1039 45,
1189 968 1568 1032 Queckiana
1621 988 1667 1023 a.
1725 970 1882 1025 1854.

189 1043 371 1114 Atque
409 1044 544 1097 haee
585 1044 800 1113 quidem
838 1043 1113 1097 hactenus.

331 1117 398 1171 In
435 1118 764 1172 recensenda
787 1118 1088 1172 Achilleide
1126 1116 1297 1187 igitur
1324 1135 1445 1171 cum
1468 1118 1557 1170 via
1580 1117 1714 1171 mihi
1739 1121 1886 1172 esset

182 1193 442 1262 ineunda,
488 1193 731 1246 nondum
778 1192 911 1246 satis
959 1191 1114 1262 quasi
1150 1191 1426 1261 patefacta
1470 1195 1631 1262 atque
1679 1196 1879 1263 aperta,

182 1266 237 1319 id
290 1266 635 1335 potissimum
682 1269 896 1320 secutus
949 1285 1090 1335 sum,
1142 1268 1204 1318 ut
1251 1265 1664 1319 fundamentum
1715 1285 1877 1336 opere

184 1340 354 1394 solido
394 1341 627 1394 iacerem
660 1359 722 1394 ac
753 1341 1039 1409 munirem,
1078 1343 1142 1394 ut
1172 1339 1221 1392 ei
1259 1357 1427 1409 penes
1458 1358 1594 1410 quos
1623 1340 1879 1394 iudicium

180 1415 373 1467 harum
410 1434 591 1468 rerum
632 1418 714 1468 est
751 1415 990 1468 habeant
1029 1433 1136 1485 (1110
1175 1416 1399 1467 utantur
1436 1414 1504 1467 ad
1544 1414 1722 1467 studia
1760 1413 1880 1468 Sta-

179 1489 331 1542 tiana
347 1489 706 1558 provehenda.
751 1489 940 1558 Neque
957 1489 1134 1542 solum
1149 1488 1320 1558 igitur
1335 1487 1582 1542 codicum
1604 1488 1880 1558 lectiones,

181 1563 360 1632 quoad
400 1564 512 1615 eius
551 1563 669 1615 fieri
706 1565 945 1631 poterat,
986 1581 1147 1632 quam
1179 1562 1578 1615 accuratissime
1610 1562 1744 1631 dedi,
1785 1563 1879 1616 sed

183 1637 346 1689 etiam
386 1637 767 1690 auctoritatem
805 1636 1067 1688 librorum
1099 1633 1252 1690 MSS.
1290 1636 1368 1689 ita
1406 1636 1726 1689 servandam
1765 1654 1882 1690 esse

179 1711 393 1780 putavi,
429 1713 491 1763 ut
528 1710 843 1780 parcissime
895 1710 1128 1763 aliorum
1163 1727 1380 1764 measve
1427 1709 1760 1764 coniecturas
1797 1729 1882 1764 re-

180 1803 237 1838 ce
279 1803 427 1838 er1m.

241 1803 275 1854 p
329 1858 411 1911 Ac
450 1858 685 1927 primum
732 1857 946 1927 quidem
994 1861 1241 1912 constare
1286 1858 1422 1911 mihi
1466 1858 1699 1923 videtur,
1748 1859 1880 1913 duas

181 1933 345 1985 etiam
376 1932 711 1985 Achilleidos
739 1933 1079 1986 recensiones
1103 1933 1213 1985 iam
1247 1935 1373 1986 ante
1399 1932 1722 1985 scholiastae
1745 1936 1879 1986 tem-

188 2025 322 2076 pora
355 2007 628 2059 exstitisse
660 2006 802 2059 inter
834 2024 890 2059 se
915 2007 1309 2075 discrepantes:
1348 2006 1491 2075 quod
1514 2006 1623 2058 iam
1654 2006 1719 2059 de
1743 2007 1879 2060 The·

184 2081 343 2134 baide
379 2080 440 2134 Ο.
463 2079 753 2134 Muellerus
792 2081 850 2133 in
889 2080 1126 2134 editione
1159 2099 1259 2134 sua
1289 2080 1566 2134 contendit
1590 2079 1689 2150 (Cf.
1712 2081 1882 2150 praef.

176 2174 226 2224 p.
266 2154 439 2226 VIII).
516 2154 809 2224 Utriusque
858 2155 1071 2225 generis
1118 2155 1367 2223 exempla
1403 2153 1549 2207 haud
1587 2154 1667 2207 ita
1705 2173 1880 2223 pauca

177 2229 338 2281 nobis
402 2231 530 2282 sunt
592 2231 819 2281 servata.
893 2229 1134 2282 Alterius
1190 2229 1408 2297 eiusque
1469 2228 1709 2281 melioris
1764 2229 1875 2281 effi-

177 2302 322 2372 giem
374 2302 635 2370 praebent
685 2305 797 2354 tres
854 2303 1090 2372 codices,
1151 2321 1380 2372 quorum
1444 2319 1768 2355 eonsensum
1821 2303 1880 2355 in

176 2376 279 2429 hac
326 2376 561 2429 editione
609 2375 912 2445 significavi
957 2376 1117 2429 litera
1161 2384 1236 2429 A:
1288 2378 1417 2429 sunt
1455 2378 1634 2428 autem
1666 2376 1876 2429 codices

176 2468 311 2520 quos
349 2450 466 2519 ipse
506 2450 708 2502 contuli
746 2449 1113 2503 Puteaneus
1154 2447 1247 2520 (P)
1300 2449 1642 2502 Parisinus
1694 2450 1871 2503 10317

175 2522 309 2593 (Ρο)
359 2522 694 2577 Gudianus
744 2522 816 2576 54
856 2521 1001 2594 (G2),
1055 2524 1250 2594 quibus
1289 2523 1551 2577 Achilleis
1598 2541 1705 2576 una
1751 2542 1874 2576 cum

177 2597 453 2651 Thebaide
493 2597 814 2651 continetur.
901 2597 1004 2660 Qui
1051 2597 1267 2667 quidem
1316 2615 1379 2650 ex
1424 2614 1532 2650 uno
1583 2597 1876 2667 eodemque

295 2773 339 2828 2)
377 2772 571 2817 Gustus
604 2773 664 2816 ad
698 2771 983 2817 Achilleida'
1020 2771 1285 2818 continetur
1315 2787 1394 2830 pp.
1428 2775 1514 2816 415
1549 2785 1674 2829 sqq„
1713 2770 1874 2817 multis

172 2829 306 2875 vitiis
339 2831 694 2899 typographicis
725 2832 1028 2877 deformatus.
