1956 3086
111 194 177 221 xn
670 177 954 224 EDITORIS
986 179 1341 224 PRAEFATIO.

112 296 353 349 inmensa
403 298 629 350 materia
687 298 974 366 prudenter
1027 316 1090 351 66
1143 316 1278 368 quae
1331 299 1551 367 alicuius
1611 298 1869 352 momenti
1921 315 1923 318 ·

111 372 290 423 essent
327 370 521 439 eligere
560 375 859 440 coegerunt.

256 442 549 512 Postquam
600 448 777 496 autem
826 444 1098 498 Domitius
1153 442 1464 498 Galderinus
1517 445 1736 515 eiusque
1784 444 1872 497 ad·
1919 457 1921 463 '

112 516 375 569 uersarius
428 517 667 586 Angelus
721 517 1045 587 PolitianuS,
1104 517 1294 570 deinde
1345 517 1615 572 Auantius
1683 519 1875 588 quique

110 589 336 642 Aldinas
376 593 710 658 curauerunt,
748 609 872 644 mox
903 590 1215 644 Bernartius
1248 590 1636 660 Geuartiusque
1669 596 1724 644 et
1747 590 1871 644 Gro-
1919 600 1921 602 ’

110 663 329 730 116111116,
374 665 489 714 tum
537 661 593 716 G.
632 662 886 717 Barthius
937 667 992 717 et
1028 662 1253 717 Guietus
1292 664 1732 734 Peyraredusque
1775 681 1873 732 pro

112 753 207 787 suo
248 736 472 804 quisque
521 736 738 806 ingenio
785 740 975 805 poetae
1014 735 1377 805 Neapolitano
1417 738 1644 790 salutem
1682 739 1874 790 lucem-

112 825 212 878 que
253 809 561 877 attulerunt,
600 809 779 862 extitit
810 810 980 862 eidem
1012 828 1109 878 par
1141 811 1446 863 criticorum
1477 811 1874 863 nobilissimum

112 881 357 950 quodque
381 880 623 934 Dauniae
649 880 913 935 Camenae
938 886 1204 937 amatores
1228 901 1518 952 numquam
1551 884 1680 936 satis
1706 884 1874 951 suspi-

113 955 267 1022 cient,
305 952 564 1008 Nicolaus
596 954 852 1008 Heinsius
885 959 938 1008 et
966 955 1220 1009 Ieremias
1250 955 1612 1009 Marklandus.
1652 959 1706 1009 et
1729 957 1876 1009 illius

112 1027 326 1096 quidem
367 1028 543 1081 studia
580 1028 895 1097 Papiniana,
934 1032 1124 1098 utpote
1162 1030 1218 1082 in
1257 1030 1369 1082 61116
1401 1030 1737 1082 Aduersariis
1778 1030 1875 1082 cri-

109 1101 231 1153 ticis
270 1101 539 1170 uariisque
579 1102 978 1155 commentariis
1025 1103 1322 1171 latitantia,
1368 1103 1545 1155 minus
1583 1103 1641 1154 in
1679 1103 1875 1172 uulgus

112 1177 433 1227 enotuerunt
485 1192 656 1243 neque
711 1193 772 1228 eo
827 1193 931 1243 quo
984 1193 1083 1243 par
1132 1179 1249 1228 erat
1290 1175 1493 1228 honore
1543 1175 1714 1228 adhuc
1755 1178 1879 1228 sunt

110 1244 378 1317 habita*).
441 1247 508 1300 ad
537 1247 696 1300 huius
729 1251 783 1300 et
812 1247 1115 1300 Marklandi
1144 1249 1338 1300 merita
1368 1251 1509 1302 recte
1541 1249 1877 1302 aestimanda

110 1338 403 1389 numquam
452 1321 872 1373 obliuiscendum
912 1324 1013 1389 est,
1060 1321 1168 1374 fere
1210 1339 1422 1374 omnem
1461 1339 1645 1375 eorum
1684 1321 1747 1374 de
1788 1323 1876 1375 sil-

110 1412 298 1446 uarum
338 1393 646 1447 condicione
686 1395 870 1447 critica
906 1395 1160 1447 notitiam
1200 1395 1417 1447 stetisse
1455 1395 1512 1462 in
1551 1395 1876 1448 editionibus

113 1467 320 1535 aliquot
358 1467 610 1535 uetustis3
658 1467 794 1519 unde
841 1467 908 1520 ob
954 1467 1124 1536 ipsius
1170 1466 1504 1520 fundamenti
1543 1468 1877 1521 incertitudi-

109 1557 233 1592 nem
283 1557 374 1592 eos
425 1558 457 1592 a
505 1557 632 1593 uero
682 1540 949 1592 interdum
996 1540 1272 1593 aberrasse
1318 1541 1496 1593 claret.
1580 1541 1761 1610 itaque
1809 1542 1876 1594 ab

110 1612 325 1681 ingenio
336 1652 351 1679 ,
393 1612 534 1682 quod
572 1613 782 1682 utrique
823 1631 951 1666 sane
989 1613 1231 1665 diuinum
1271 1617 1401 1681 erat,
1442 1614 1700 1666 auxilium
1740 1615 1874 1683 peti-

110 1689 324 1753 uerunt3
373 1689 427 1737 et
474 1686 699 1738 accessit
742 1686 957 1755 ingenio
1006 1686 1221 1739 assidua
1267 1689 1549 1755 poetarum
1586 1688 1874 1740 latinorum

109 1759 270 1811 lectio
312 1776 478 1826 eaque
519 1777 652 1828 quae
690 1759 945 1812 iudicium
982 1777 1092 1812 non
1131 1759 1382 1813 obrueret
1413 1760 1657 1812 doctrina
1689 1761 1876 1814 solida.

109 1831 194 1884 his
233 1831 523 1884 uirtutibus
569 1832 819 1884 instructi
857 1832 1053 1886 mirum
1093 1835 1174 1884 est
1214 1835 1345 1902 quot
1382 1831 1467 1884 illi
1505 1834 1744 1886 maculas
1786 1835 1876 1887 sil-

108 1905 191 1957 uis
243 1904 583 1973 deterserint,
632 1909 694 1957 ut
731 1905 941 1957 nescias
995 1905 1102 1958 utri
1150 1922 1332 1958 eorum
1377 1906 1612 1974 palmam
1652 1906 1875 1961 deferas,

110 1977 201 2030 scd
240 1976 511 2044 Heinsius,
552 1978 643 2047 qui
680 1996 789 2030 non
826 1978 1025 2030 iustam
1064 1978 1321 2031 siluarum
1358 1980 1723 2032 recensionem
1764 1981 1877 2051 egit

109 2050 202 2103 sed
249 2050 595 2103 desultoriam
640 2051 820 2119 potius
868 2068 1084 2119 operam
1133 2052 1208 2104 eis
1254 2051 1541 2121 impendit,
1585 2053 1764 2106 nescio
1806 2072 1873 2106 an

107 2124 295 2176 natiua
332 2123 535 2193 ingenii
572 2124 832 2177 felicitate
869 2125 989 2192 plus
1028 2124 1385 2194 praestiterit,
1436 2143 1554 2178 cum
1595 2130 1781 2179 contra
1820 2128 1875 2179 in

61 2193 69 2201 ’
107 2195 423 2249 Marklando
463 2197 634 2249 maius
674 2197 866 2249 mentis
916 2215 1138 2251 acumen
1177 2198 1250 2250 sit
1289 2197 1673 2252 admirandum.
1736 2200 1876 2268 quod

227 2399 268 2453 ³⁶)
294 2398 406 2453 quin
438 2397 535 2442 eius
566 2399 699 2442 notas
730 2398 962 2443 interdum
993 2398 1138 2443 tacite
1170 2400 1495 2455 excripserunt.
1529 2401 1677 2444 ueluti
1708 2415 1874 2458 nuper-

106 2455 250 2499 rimus
282 2455 503 2500 siluarum
537 2455 698 2512 editor,
730 2456 963 2501 Gustauus
990 2457 1235 2515 Queckius,
1268 2458 1327 2502 ad
1350 2457 1414 2503 IV
1446 2463 1487 2512 3,
1520 2462 1591 2513 20,
1624 2460 1874 2515 postquam

108 2513 383 2570 scripturam
409 2514 620 2558 codicum
656 2515 829 2570 attulit,
853 2516 969 2560 haec
992 2516 1150 2572 posuit
1176 2515 1335 2572 (praef.
1360 2531 1405 2572 p.
1423 2516 1593 2572 XXII):
1636 2517 1874 2574 ‘Legimus

109 2585 237 2628 ergoz
280 2573 352 2616 hic
382 2585 533 2629 segmes
556 2574 723 2629 populi
753 2574 851 2618 vias
880 2578 1117 2630 yrauatus.
1180 2576 1403 2630 scriptum
1434 2575 1587 2619 fuerat
1615 2578 1760 2620 secm's
1791 2591 1874 2633 pro

105 2630 285 2687 scynis)
350 2630 519 2675 hausta
558 2633 665 2675 sunt
701 2633 816 2675 haec
855 2645 1002 2688 paene
1041 2632 1101 2675 ad
1139 2632 1333 2676 uerbum
1372 2645 1429 2676 ex
1468 2633 1648 2677 Heinsii
1679 2635 1871 2681 AduerS.

106 2703 150 2745 p.
171 2693 268 2733 104.
294 2714 351 2720 —
377 2691 581 2733 ceterum
605 2689 755 2733 adfuit
776 2690 910 2734 nobis
943 2704 997 2734 ex
1029 2690 1316 2735 bibliotheca
1346 2690 1663 2736 uniuersitatis
1690 2691 1872 2739 Gottin-

106 2747 260 2803 gensis
299 2746 422 2791 inter
460 2747 554 2791 alia
592 2748 652 2791 ad
686 2747 885 2793 Statium
923 2748 1204 2805 pertinentia
1244 2749 1479 2805 exemplar
1517 2750 1734 2794 editionis
1767 2752 1872 2795 Lin-

108 2805 463 2861 denbrogianae,
494 2806 543 2849 in
574 2820 667 2861 qua
690 2807 979 2851 Burmannus
1006 2820 1109 2851 cum
1129 2820 1233 2851 suas
1263 2809 1362 2852 tum
1379 2807 1559 2852 Heinsii
1586 2809 1875 2855 coniecturas

106 2864 349 2920 plerasque
383 2864 637 2920 adscripsit.
