<?xml version="1.0" encoding="UTF-8"?>
<!DOCTYPE html PUBLIC "-//W3C//DTD XHTML 1.0 Transitional//EN"
    "http://www.w3.org/TR/xhtml1/DTD/xhtml1-transitional.dtd">
<html xmlns="http://www.w3.org/1999/xhtml" xml:lang="en" lang="en">
 <head>
  <title>
</title>
<meta http-equiv="Content-Type" content="text/html;charset=utf-8" />
  <meta name='ocr-system' content='tesseract 3.04.00' />
  <meta name='ocr-capabilities' content='ocr_page ocr_carea ocr_par ocr_line ocrx_word'/>
</head>
<body>
  <div class='ocr_page' id='page_1' title='image "./operapapinius12statuoft_0384.png"; bbox 0 0 1976 3094; ppageno 0'>
   <div class='ocr_carea' id='block_1_1' title="bbox 256 172 1360 228">
    <p class='ocr_par' dir='ltr' id='par_1_1' title="bbox 256 172 1360 228">
     <span class='ocr_line' id='line_1_1' title="bbox 256 172 1360 228; baseline -0.011 0"><span class='ocrx_word' id='word_1_1' title='bbox 256 176 365 228; x_wconf 85' lang='lat'>114</span> <span class='ocrx_word' id='word_1_2' title='bbox 824 173 874 218; x_wconf 88' lang='grc' dir='ltr'>Ρ.</span> <span class='ocrx_word' id='word_1_3' title='bbox 906 172 1135 218; x_wconf 87' lang='lat' dir='ltr'>PAPINII</span> <span class='ocrx_word' id='word_1_4' title='bbox 1165 172 1360 218; x_wconf 87' lang='lat' dir='ltr'>STATII</span> 
     </span>
    </p>
   </div>
   <div class='ocr_carea' id='block_1_2' title="bbox 151 293 1945 2443">
    <p class='ocr_par' dir='ltr' id='par_1_2' title="bbox 254 293 1632 366">
     <span class='ocr_line' id='line_1_2' title="bbox 254 293 1632 366; baseline 0 -16"><span class='ocrx_word' id='word_1_5' title='bbox 254 296 320 350; x_wconf 92' lang='lat' dir='ltr'>In</span> <span class='ocrx_word' id='word_1_6' title='bbox 359 298 571 352; x_wconf 90' lang='lat' dir='ltr'>vultum</span> <span class='ocrx_word' id='word_1_7' title='bbox 610 297 789 348; x_wconf 90' lang='lat' dir='ltr'>nitens</span> <span class='ocrx_word' id='word_1_8' title='bbox 798 337 812 365; x_wconf 86' lang='lat'><em>‚</em></span> <span class='ocrx_word' id='word_1_9' title='bbox 852 313 1034 348; x_wconf 90' lang='lat' dir='ltr'>caram</span> <span class='ocrx_word' id='word_1_10' title='bbox 1073 293 1234 348; x_wconf 88' lang='lat' dir='ltr'>modo</span> <span class='ocrx_word' id='word_1_11' title='bbox 1266 294 1425 348; x_wconf 89' lang='lat' dir='ltr'>lactis</span> <span class='ocrx_word' id='word_1_12' title='bbox 1465 313 1632 366; x_wconf 90' lang='lat' dir='ltr'>egeno</span> 
     </span>
    </p>

    <p class='ocr_par' dir='ltr' id='par_1_3' title="bbox 252 368 1656 440">
     <span class='ocr_line' id='line_1_3' title="bbox 252 368 1656 440; baseline 0 -16"><span class='ocrx_word' id='word_1_13' title='bbox 252 370 538 425; x_wconf 89' lang='lat' dir='ltr'>Nutricem</span> <span class='ocrx_word' id='word_1_14' title='bbox 576 370 843 440; x_wconf 86' lang='lat' dir='ltr'>plangore</span> <span class='ocrx_word' id='word_1_15' title='bbox 883 369 1027 422; x_wconf 91' lang='lat' dir='ltr'>ciens</span> <span class='ocrx_word' id='word_1_16' title='bbox 1067 368 1370 438; x_wconf 77' lang='lat' dir='ltr'>iterumque</span> <span class='ocrx_word' id='word_1_17' title='bbox 1407 369 1656 424; x_wconf 83' lang='lat' dir='ltr'>renidens</span> 
     </span>
    </p>

    <p class='ocr_par' dir='ltr' id='par_1_4' title="bbox 251 442 1641 499">
     <span class='ocr_line' id='line_1_4' title="bbox 251 442 1641 499; baseline -0.001 0"><span class='ocrx_word' id='word_1_18' title='bbox 251 446 326 499; x_wconf 86' lang='lat' dir='ltr'>Et</span> <span class='ocrx_word' id='word_1_19' title='bbox 363 445 564 499; x_wconf 88' lang='lat' dir='ltr'>teneris</span> <span class='ocrx_word' id='word_1_20' title='bbox 603 444 869 497; x_wconf 88' lang='lat' dir='ltr'>meditans</span> <span class='ocrx_word' id='word_1_21' title='bbox 907 442 1075 496; x_wconf 84' lang='lat' dir='ltr'>verba</span> <span class='ocrx_word' id='word_1_22' title='bbox 1112 442 1438 496; x_wconf 73' lang='lat' dir='ltr'>inluetantia</span> <span class='ocrx_word' id='word_1_23' title='bbox 1475 444 1641 498; x_wconf 90' lang='lat' dir='ltr'>labris</span> 
     </span>
    </p>

    <p class='ocr_par' dir='ltr' id='par_1_5' title="bbox 250 514 1945 587">
     <span class='ocr_line' id='line_1_5' title="bbox 250 514 1945 587; baseline 0.001 -14"><span class='ocrx_word' id='word_1_24' title='bbox 250 518 480 573; x_wconf 86' lang='lat' dir='ltr'>Miratur</span> <span class='ocrx_word' id='word_1_25' title='bbox 517 536 801 571; x_wconf 91' lang='lat' dir='ltr'>nemorum</span> <span class='ocrx_word' id='word_1_26' title='bbox 840 517 1100 586; x_wconf 90' lang='lat' dir='ltr'>strepitus</span> <span class='ocrx_word' id='word_1_27' title='bbox 1141 518 1235 570; x_wconf 91' lang='lat' dir='ltr'>aut</span> <span class='ocrx_word' id='word_1_28' title='bbox 1273 514 1435 571; x_wconf 76' lang='lat' dir='ltr'>Obvia</span> <span class='ocrx_word' id='word_1_29' title='bbox 1473 519 1647 587; x_wconf 89' lang='lat' dir='ltr'>carpit</span> <span class='ocrx_word' id='word_1_30' title='bbox 1859 534 1945 575; x_wconf 84' lang='grc'><strong>790</strong></span> 
     </span>
    </p>

    <p class='ocr_par' dir='ltr' id='par_1_6' title="bbox 250 591 1775 663">
     <span class='ocr_line' id='line_1_6' title="bbox 250 591 1775 663; baseline 0.001 -17"><span class='ocrx_word' id='word_1_31' title='bbox 250 593 364 646; x_wconf 88' lang='lat' dir='ltr'>Aut</span> <span class='ocrx_word' id='word_1_32' title='bbox 402 593 591 663; x_wconf 91' lang='lat' dir='ltr'>patulo</span> <span class='ocrx_word' id='word_1_33' title='bbox 630 591 803 645; x_wconf 90' lang='lat' dir='ltr'>trahit</span> <span class='ocrx_word' id='word_1_34' title='bbox 842 610 935 645; x_wconf 92' lang='lat' dir='ltr'>ore</span> <span class='ocrx_word' id='word_1_35' title='bbox 973 591 1115 644; x_wconf 91' lang='lat' dir='ltr'>diem</span> <span class='ocrx_word' id='word_1_36' title='bbox 1153 591 1470 661; x_wconf 88' lang='lat' dir='ltr'>nemorique</span> <span class='ocrx_word' id='word_1_37' title='bbox 1508 593 1775 647; x_wconf 90' lang='lat' dir='ltr'>malorum</span> 
     </span>
    </p>

    <p class='ocr_par' dir='ltr' id='par_1_7' title="bbox 250 665 1527 721">
     <span class='ocr_line' id='line_1_7' title="bbox 250 665 1527 721; baseline -0.002 0"><span class='ocrx_word' id='word_1_38' title='bbox 250 666 458 721; x_wconf 84' lang='lat' dir='ltr'>Inscius</span> <span class='ocrx_word' id='word_1_39' title='bbox 498 669 553 721; x_wconf 88' lang='lat' dir='ltr'>et</span> <span class='ocrx_word' id='word_1_40' title='bbox 590 666 736 719; x_wconf 85' lang='lat' dir='ltr'>vitae</span> <span class='ocrx_word' id='word_1_41' title='bbox 776 665 1009 718; x_wconf 90' lang='lat' dir='ltr'>multum</span> <span class='ocrx_word' id='word_1_42' title='bbox 1050 683 1267 718; x_wconf 92' lang='lat' dir='ltr'>securus</span> <span class='ocrx_word' id='word_1_43' title='bbox 1305 665 1527 719; x_wconf 88' lang='lat' dir='ltr'>inerrat.</span> 
     </span>
    </p>

    <p class='ocr_par' dir='ltr' id='par_1_8' title="bbox 251 739 1682 810">
     <span class='ocr_line' id='line_1_8' title="bbox 251 739 1682 810; baseline -0.001 -16"><span class='ocrx_word' id='word_1_44' title='bbox 251 739 338 794; x_wconf 83' lang='lat' dir='ltr'>Sic</span> <span class='ocrx_word' id='word_1_45' title='bbox 376 745 530 795; x_wconf 90' lang='lat' dir='ltr'>tener</span> <span class='ocrx_word' id='word_1_46' title='bbox 569 739 798 809; x_wconf 86' lang='lat' dir='ltr'>Odrysia</span> <span class='ocrx_word' id='word_1_47' title='bbox 836 739 1054 793; x_wconf 81' lang='lat' dir='ltr'>Mavors</span> <span class='ocrx_word' id='word_1_48' title='bbox 1094 739 1241 809; x_wconf 86' lang='lat' dir='ltr'>nive,</span> <span class='ocrx_word' id='word_1_49' title='bbox 1281 740 1359 793; x_wconf 93' lang='lat' dir='ltr'>sic</span> <span class='ocrx_word' id='word_1_50' title='bbox 1396 759 1531 810; x_wconf 91' lang='lat' dir='ltr'>puer</span> <span class='ocrx_word' id='word_1_51' title='bbox 1569 741 1682 794; x_wconf 88' lang='lat' dir='ltr'>ales</span> 
     </span>
    </p>

    <p class='ocr_par' dir='ltr' id='par_1_9' title="bbox 248 813 1566 884">
     <span class='ocr_line' id='line_1_9' title="bbox 248 813 1566 884; baseline -0.002 -15"><span class='ocrx_word' id='word_1_52' title='bbox 248 814 468 869; x_wconf 87' lang='lat' dir='ltr'>Vertice</span> <span class='ocrx_word' id='word_1_53' title='bbox 507 814 802 884; x_wconf 86' lang='lat' dir='ltr'>Maenalio,</span> <span class='ocrx_word' id='word_1_54' title='bbox 841 814 970 867; x_wconf 89' lang='lat' dir='ltr'>talis</span> <span class='ocrx_word' id='word_1_55' title='bbox 1008 831 1106 883; x_wconf 92' lang='lat' dir='ltr'>per</span> <span class='ocrx_word' id='word_1_56' title='bbox 1143 813 1308 866; x_wconf 89' lang='lat' dir='ltr'>litora</span> <span class='ocrx_word' id='word_1_57' title='bbox 1344 816 1566 883; x_wconf 81' lang='lat' dir='ltr'>reptans</span> 
     </span>
    </p>

    <p class='ocr_par' dir='ltr' id='par_1_10' title="bbox 247 886 1941 1034">
     <span class='ocr_line' id='line_1_10' title="bbox 247 886 1941 959; baseline 0.002 -17"><span class='ocrx_word' id='word_1_58' title='bbox 247 888 536 959; x_wconf 90' lang='lat' dir='ltr'>Improbus</span> <span class='ocrx_word' id='word_1_59' title='bbox 579 888 843 958; x_wconf 85' lang='lat' dir='ltr'>Ortygiae</span> <span class='ocrx_word' id='word_1_60' title='bbox 883 888 1028 942; x_wconf 89' lang='lat' dir='ltr'>latus</span> <span class='ocrx_word' id='word_1_61' title='bbox 1068 887 1366 941; x_wconf 80' lang='lat' dir='ltr'>inclinabat</span> <span class='ocrx_word' id='word_1_62' title='bbox 1403 886 1618 957; x_wconf 87' lang='lat' dir='ltr'>ApolIO.</span> <span class='ocrx_word' id='word_1_63' title='bbox 1856 903 1941 945; x_wconf 82' lang='grc'><strong>795</strong></span> 
     </span>
     <span class='ocr_line' id='line_1_11' title="bbox 322 962 1658 1034; baseline 0 -18"><span class='ocrx_word' id='word_1_64' title='bbox 322 963 411 1016; x_wconf 92' lang='lat' dir='ltr'>Illi</span> <span class='ocrx_word' id='word_1_65' title='bbox 448 982 544 1034; x_wconf 90' lang='lat' dir='ltr'>per</span> <span class='ocrx_word' id='word_1_66' title='bbox 582 964 770 1017; x_wconf 91' lang='lat' dir='ltr'>dumos</span> <span class='ocrx_word' id='word_1_67' title='bbox 812 965 866 1016; x_wconf 90' lang='lat' dir='ltr'>et</span> <span class='ocrx_word' id='word_1_68' title='bbox 905 980 1075 1032; x_wconf 89' lang='lat' dir='ltr'>opaca</span> <span class='ocrx_word' id='word_1_69' title='bbox 1113 962 1413 1015; x_wconf 84' lang='lat' dir='ltr'>virentibus</span> <span class='ocrx_word' id='word_1_70' title='bbox 1451 963 1658 1016; x_wconf 91' lang='lat' dir='ltr'>umbris</span> 
     </span>
    </p>

    <p class='ocr_par' dir='ltr' id='par_1_11' title="bbox 245 1036 1734 1108">
     <span class='ocr_line' id='line_1_12' title="bbox 245 1036 1734 1108; baseline 0 -18"><span class='ocrx_word' id='word_1_71' title='bbox 245 1037 422 1092; x_wconf 83' lang='lat' dir='ltr'>Devia</span> <span class='ocrx_word' id='word_1_72' title='bbox 459 1056 587 1107; x_wconf 91' lang='lat' dir='ltr'>pars</span> <span class='ocrx_word' id='word_1_73' title='bbox 627 1038 875 1108; x_wconf 86' lang='lat' dir='ltr'>cingunt,</span> <span class='ocrx_word' id='word_1_74' title='bbox 914 1055 1040 1106; x_wconf 89' lang='lat' dir='ltr'>pars</span> <span class='ocrx_word' id='word_1_75' title='bbox 1082 1039 1202 1089; x_wconf 89' lang='lat' dir='ltr'>arta</span> <span class='ocrx_word' id='word_1_76' title='bbox 1239 1036 1397 1106; x_wconf 88' lang='lat' dir='ltr'>plebe</span> <span class='ocrx_word' id='word_1_77' title='bbox 1438 1041 1734 1106; x_wconf 89' lang='lat' dir='ltr'>sequuntur</span> 
     </span>
    </p>

    <p class='ocr_par' dir='ltr' id='par_1_12' title="bbox 250 1109 1942 1182">
     <span class='ocr_line' id='line_1_13' title="bbox 250 1109 1942 1182; baseline 0.001 -17"><span class='ocrx_word' id='word_1_78' title='bbox 250 1112 730 1181; x_wconf 74' lang='lat' dir='ltr'>praecelerantque</span> <span class='ocrx_word' id='word_1_79' title='bbox 770 1111 972 1165; x_wconf 91' lang='lat' dir='ltr'>ducem.</span> <span class='ocrx_word' id='word_1_80' title='bbox 1035 1109 1272 1163; x_wconf 87' lang='lat' dir='ltr'>Medium</span> <span class='ocrx_word' id='word_1_81' title='bbox 1309 1110 1458 1164; x_wconf 81' lang='lat' dir='ltr'>subit</span> <span class='ocrx_word' id='word_1_82' title='bbox 1489 1111 1587 1164; x_wconf 90' lang='lat' dir='ltr'>illa</span> <span class='ocrx_word' id='word_1_83' title='bbox 1618 1130 1716 1181; x_wconf 89' lang='lat' dir='ltr'>per</span> <span class='ocrx_word' id='word_1_84' title='bbox 1747 1128 1942 1182; x_wconf 84' lang='lat' dir='ltr'>agmen</span> 
     </span>
    </p>

    <p class='ocr_par' dir='ltr' id='par_1_13' title="bbox 244 1184 1863 1256">
     <span class='ocr_line' id='line_1_14' title="bbox 244 1184 1863 1256; baseline 0.001 -17"><span class='ocrx_word' id='word_1_85' title='bbox 244 1185 372 1240; x_wconf 91' lang='lat' dir='ltr'>Non</span> <span class='ocrx_word' id='word_1_86' title='bbox 410 1186 605 1240; x_wconf 91' lang='lat' dir='ltr'>humili</span> <span class='ocrx_word' id='word_1_87' title='bbox 642 1185 845 1239; x_wconf 88' lang='lat' dir='ltr'>festina</span> <span class='ocrx_word' id='word_1_88' title='bbox 882 1184 1064 1251; x_wconf 84' lang='lat' dir='ltr'>mod03</span> <span class='ocrx_word' id='word_1_89' title='bbox 1105 1185 1320 1254; x_wconf 90' lang='lat' dir='ltr'>iamque</span> <span class='ocrx_word' id='word_1_90' title='bbox 1361 1203 1517 1238; x_wconf 91' lang='lat' dir='ltr'>amne</span> <span class='ocrx_word' id='word_1_91' title='bbox 1555 1186 1863 1256; x_wconf 92' lang='lat' dir='ltr'>propinquo</span> 
     </span>
    </p>

    <p class='ocr_par' dir='ltr' id='par_1_14' title="bbox 244 1259 1940 1329">
     <span class='ocr_line' id='line_1_15' title="bbox 244 1259 1940 1329; baseline 0.001 -16"><span class='ocrx_word' id='word_1_92' title='bbox 244 1259 430 1314; x_wconf 90' lang='lat' dir='ltr'>Rauca</span> <span class='ocrx_word' id='word_1_93' title='bbox 469 1263 628 1315; x_wconf 91' lang='lat' dir='ltr'>sonat</span> <span class='ocrx_word' id='word_1_94' title='bbox 666 1260 854 1329; x_wconf 86' lang='lat' dir='ltr'>vallis,</span> <span class='ocrx_word' id='word_1_95' title='bbox 894 1277 1253 1329; x_wconf 88' lang='lat' dir='ltr'>saxosumque</span> <span class='ocrx_word' id='word_1_96' title='bbox 1291 1259 1510 1329; x_wconf 89' lang='lat' dir='ltr'>impulit</span> <span class='ocrx_word' id='word_1_97' title='bbox 1547 1278 1702 1313; x_wconf 91' lang='lat' dir='ltr'>aures</span> <span class='ocrx_word' id='word_1_98' title='bbox 1853 1273 1940 1315; x_wconf 88' lang='lat'>800</span> 
     </span>
    </p>

    <p class='ocr_par' dir='ltr' id='par_1_15' title="bbox 242 1333 1877 1405">
     <span class='ocr_line' id='line_1_16' title="bbox 242 1333 1877 1405; baseline 0 -17"><span class='ocrx_word' id='word_1_99' title='bbox 242 1333 511 1388; x_wconf 89' lang='lat' dir='ltr'>Murmur:</span> <span class='ocrx_word' id='word_1_100' title='bbox 550 1335 628 1388; x_wconf 90' lang='lat' dir='ltr'>ibi</span> <span class='ocrx_word' id='word_1_101' title='bbox 668 1334 918 1387; x_wconf 83' lang='lat' dir='ltr'>exultans</span> <span class='ocrx_word' id='word_1_102' title='bbox 959 1333 1262 1387; x_wconf 88' lang='lat' dir='ltr'>conclamat</span> <span class='ocrx_word' id='word_1_103' title='bbox 1302 1334 1370 1386; x_wconf 92' lang='lat' dir='ltr'>ab</span> <span class='ocrx_word' id='word_1_104' title='bbox 1412 1335 1630 1403; x_wconf 90' lang='lat' dir='ltr'>agmine</span> <span class='ocrx_word' id='word_1_105' title='bbox 1669 1334 1877 1405; x_wconf 90' lang='lat' dir='ltr'>primus</span> 
     </span>
    </p>

    <p class='ocr_par' dir='ltr' id='par_1_16' title="bbox 243 1407 1581 1478">
     <span class='ocr_line' id='line_1_17' title="bbox 243 1407 1581 1478; baseline 0 -16"><span class='ocrx_word' id='word_1_106' title='bbox 243 1407 396 1462; x_wconf 83' lang='lat' dir='ltr'>Sicut</span> <span class='ocrx_word' id='word_1_107' title='bbox 435 1411 551 1463; x_wconf 88' lang='lat' dir='ltr'>erat</span> <span class='ocrx_word' id='word_1_108' title='bbox 590 1409 800 1464; x_wconf 86' lang='lat' dir='ltr'>levibus</span> <span class='ocrx_word' id='word_1_109' title='bbox 839 1408 1041 1461; x_wconf 90' lang='lat' dir='ltr'>tollens</span> <span class='ocrx_word' id='word_1_110' title='bbox 1087 1408 1286 1461; x_wconf 84' lang='lat' dir='ltr'>vexilla</span> <span class='ocrx_word' id='word_1_111' title='bbox 1324 1408 1581 1478; x_wconf 87' lang='lat' dir='ltr'>maniplis</span> 
     </span>
    </p>

    <p class='ocr_par' dir='ltr' id='par_1_17' title="bbox 243 1482 1882 1554">
     <span class='ocr_line' id='line_1_18' title="bbox 243 1482 1882 1554; baseline 0.001 -19"><span class='ocrx_word' id='word_1_112' title='bbox 243 1482 426 1554; x_wconf 89' lang='lat' dir='ltr'>Argus</span> <span class='ocrx_word' id='word_1_113' title='bbox 467 1482 716 1554; x_wconf 71' lang='lat' dir='ltr'>‘aquael&#39;</span> <span class='ocrx_word' id='word_1_114' title='bbox 756 1483 1060 1553; x_wconf 88' lang='lat' dir='ltr'>longusque</span> <span class='ocrx_word' id='word_1_115' title='bbox 1098 1483 1273 1536; x_wconf 84' lang='lat' dir='ltr'>virum</span> <span class='ocrx_word' id='word_1_116' title='bbox 1314 1501 1474 1552; x_wconf 88' lang='lat' dir='ltr'>super</span> <span class='ocrx_word' id='word_1_117' title='bbox 1514 1501 1609 1536; x_wconf 88' lang='lat' dir='ltr'>ora</span> <span class='ocrx_word' id='word_1_118' title='bbox 1647 1483 1882 1536; x_wconf 91' lang='lat' dir='ltr'>cucurrit</span> 
     </span>
    </p>

    <p class='ocr_par' dir='ltr' id='par_1_18' title="bbox 243 1556 1746 1627">
     <span class='ocr_line' id='line_1_19' title="bbox 243 1556 1746 1627; baseline -0.001 -16"><span class='ocrx_word' id='word_1_119' title='bbox 243 1557 464 1612; x_wconf 79' lang='lat' dir='ltr'>Clamor</span> <span class='ocrx_word' id='word_1_120' title='bbox 504 1556 752 1627; x_wconf 70' lang='lat' dir='ltr'>‘aquael&#39;</span> <span class='ocrx_word' id='word_1_121' title='bbox 809 1556 898 1611; x_wconf 83' lang='lat' dir='ltr'>Sic</span> <span class='ocrx_word' id='word_1_122' title='bbox 935 1556 1214 1610; x_wconf 88' lang='lat' dir='ltr'>Ambracii</span> <span class='ocrx_word' id='word_1_123' title='bbox 1251 1575 1349 1626; x_wconf 91' lang='lat' dir='ltr'>per</span> <span class='ocrx_word' id='word_1_124' title='bbox 1387 1557 1550 1610; x_wconf 90' lang='lat' dir='ltr'>litora</span> <span class='ocrx_word' id='word_1_125' title='bbox 1589 1557 1746 1626; x_wconf 90' lang='lat' dir='ltr'>ponti</span> 
     </span>
    </p>

    <p class='ocr_par' dir='ltr' id='par_1_19' title="bbox 239 1631 1934 1701">
     <span class='ocr_line' id='line_1_20' title="bbox 239 1631 1934 1701; baseline -0.001 -15"><span class='ocrx_word' id='word_1_126' title='bbox 239 1631 506 1686; x_wconf 90' lang='lat' dir='ltr'>Nauticus</span> <span class='ocrx_word' id='word_1_127' title='bbox 546 1632 605 1684; x_wconf 93' lang='lat' dir='ltr'>in</span> <span class='ocrx_word' id='word_1_128' title='bbox 643 1631 806 1684; x_wconf 89' lang='lat' dir='ltr'>remis</span> <span class='ocrx_word' id='word_1_129' title='bbox 845 1632 1101 1685; x_wconf 87' lang='lat' dir='ltr'>iuvenum</span> <span class='ocrx_word' id='word_1_130' title='bbox 1141 1633 1480 1684; x_wconf 88' lang='lat' dir='ltr'>monstrante</span> <span class='ocrx_word' id='word_1_131' title='bbox 1519 1632 1785 1701; x_wconf 86' lang='lat' dir='ltr'>magistro</span> <span class='ocrx_word' id='word_1_132' title='bbox 1848 1644 1934 1686; x_wconf 88' lang='lat'>805</span> 
     </span>
    </p>

    <p class='ocr_par' dir='ltr' id='par_1_20' title="bbox 238 1705 1772 1775">
     <span class='ocr_line' id='line_1_21' title="bbox 238 1705 1772 1775; baseline 0 -17"><span class='ocrx_word' id='word_1_133' title='bbox 238 1705 331 1759; x_wconf 86' lang='lat' dir='ltr'>Fit</span> <span class='ocrx_word' id='word_1_134' title='bbox 370 1724 533 1760; x_wconf 91' lang='lat' dir='ltr'>sonus</span> <span class='ocrx_word' id='word_1_135' title='bbox 574 1706 736 1775; x_wconf 90' lang='lat' dir='ltr'>inque</span> <span class='ocrx_word' id='word_1_136' title='bbox 775 1705 947 1758; x_wconf 85' lang='lat' dir='ltr'>vicem</span> <span class='ocrx_word' id='word_1_137' title='bbox 987 1708 1177 1758; x_wconf 87' lang='lat' dir='ltr'>contra</span> <span class='ocrx_word' id='word_1_138' title='bbox 1214 1722 1474 1774; x_wconf 89' lang='lat' dir='ltr'>percussa</span> <span class='ocrx_word' id='word_1_139' title='bbox 1511 1705 1772 1759; x_wconf 88' lang='lat' dir='ltr'>reclamat</span> 
     </span>
    </p>

    <p class='ocr_par' dir='ltr' id='par_1_21' title="bbox 239 1778 1675 1851">
     <span class='ocr_line' id='line_1_22' title="bbox 239 1778 1675 1851; baseline -0.001 -18"><span class='ocrx_word' id='word_1_140' title='bbox 239 1779 430 1851; x_wconf 80' lang='lat' dir='ltr'>Terra,</span> <span class='ocrx_word' id='word_1_141' title='bbox 469 1781 736 1833; x_wconf 89' lang='lat' dir='ltr'>salutatus</span> <span class='ocrx_word' id='word_1_142' title='bbox 778 1798 900 1833; x_wconf 94' lang='lat' dir='ltr'>cum</span> <span class='ocrx_word' id='word_1_143' title='bbox 938 1778 1188 1832; x_wconf 87' lang='lat' dir='ltr'>Leucada</span> <span class='ocrx_word' id='word_1_144' title='bbox 1225 1778 1418 1848; x_wconf 88' lang='lat' dir='ltr'>pandit</span> <span class='ocrx_word' id='word_1_145' title='bbox 1457 1778 1675 1848; x_wconf 79' lang='lat' dir='ltr'>Apollo,</span> 
     </span>
    </p>

    <p class='ocr_par' dir='ltr' id='par_1_22' title="bbox 237 1852 1512 1924">
     <span class='ocr_line' id='line_1_23' title="bbox 237 1852 1512 1924; baseline -0.001 -16"><span class='ocrx_word' id='word_1_146' title='bbox 237 1852 535 1908; x_wconf 90' lang='lat' dir='ltr'>Incubuere</span> <span class='ocrx_word' id='word_1_147' title='bbox 574 1854 726 1907; x_wconf 88' lang='lat' dir='ltr'>vadis</span> <span class='ocrx_word' id='word_1_148' title='bbox 765 1853 972 1924; x_wconf 91' lang='lat' dir='ltr'>passim</span> <span class='ocrx_word' id='word_1_149' title='bbox 1011 1853 1320 1906; x_wconf 89' lang='lat' dir='ltr'>discrimine</span> <span class='ocrx_word' id='word_1_150' title='bbox 1359 1853 1512 1907; x_wconf 92' lang='lat' dir='ltr'>nullo</span> 
     </span>
    </p>

    <p class='ocr_par' dir='ltr' id='par_1_23' title="bbox 238 1925 1736 1997">
     <span class='ocr_line' id='line_1_24' title="bbox 238 1925 1736 1997; baseline -0.001 -15"><span class='ocrx_word' id='word_1_151' title='bbox 238 1927 422 1982; x_wconf 85' lang='lat' dir='ltr'>Turba</span> <span class='ocrx_word' id='word_1_152' title='bbox 461 1928 624 1982; x_wconf 92' lang='lat' dir='ltr'>simul</span> <span class='ocrx_word' id='word_1_153' title='bbox 662 1928 950 1997; x_wconf 88' lang='lat' dir='ltr'>primique,</span> <span class='ocrx_word' id='word_1_154' title='bbox 988 1927 1179 1996; x_wconf 85' lang='lat' dir='ltr'>nequit</span> <span class='ocrx_word' id='word_1_155' title='bbox 1219 1945 1494 1981; x_wconf 89' lang='lat' dir='ltr'>secernere</span> <span class='ocrx_word' id='word_1_156' title='bbox 1533 1925 1736 1980; x_wconf 84' lang='lat' dir='ltr'>mixtos</span> 
     </span>
    </p>

    <p class='ocr_par' dir='ltr' id='par_1_24' title="bbox 236 2001 1931 2073">
     <span class='ocr_line' id='line_1_25' title="bbox 236 2001 1931 2073; baseline 0.001 -18"><span class='ocrx_word' id='word_1_157' title='bbox 236 2001 427 2073; x_wconf 89' lang='lat' dir='ltr'>Aequa</span> <span class='ocrx_word' id='word_1_158' title='bbox 466 2003 613 2072; x_wconf 81' lang='lat' dir='ltr'>sitiS,</span> <span class='ocrx_word' id='word_1_159' title='bbox 651 2002 863 2056; x_wconf 88' lang='lat' dir='ltr'>frenata</span> <span class='ocrx_word' id='word_1_160' title='bbox 902 2002 1012 2054; x_wconf 89' lang='lat' dir='ltr'>suis</span> <span class='ocrx_word' id='word_1_161' title='bbox 1052 2002 1109 2054; x_wconf 91' lang='lat' dir='ltr'>in</span> <span class='ocrx_word' id='word_1_162' title='bbox 1148 2002 1394 2055; x_wconf 92' lang='lat' dir='ltr'>curribus</span> <span class='ocrx_word' id='word_1_163' title='bbox 1433 2002 1645 2055; x_wconf 91' lang='lat' dir='ltr'>intrant</span> <span class='ocrx_word' id='word_1_164' title='bbox 1844 2015 1931 2056; x_wconf 88' lang='grc'>810</span> 
     </span>
    </p>

    <p class='ocr_par' dir='ltr' id='par_1_25' title="bbox 151 2076 1678 2147">
     <span class='ocr_line' id='line_1_26' title="bbox 151 2076 1678 2147; baseline -0.001 -16"><span class='ocrx_word' id='word_1_165' title='bbox 151 2093 163 2102; x_wconf 90' lang='grc'><em>·</em></span> <span class='ocrx_word' id='word_1_166' title='bbox 235 2077 525 2147; x_wconf 87' lang='lat' dir='ltr'>Armenta,</span> <span class='ocrx_word' id='word_1_167' title='bbox 565 2080 619 2130; x_wconf 90' lang='lat' dir='ltr'>et</span> <span class='ocrx_word' id='word_1_168' title='bbox 657 2077 808 2144; x_wconf 92' lang='lat' dir='ltr'>pleni</span> <span class='ocrx_word' id='word_1_169' title='bbox 846 2076 1079 2129; x_wconf 87' lang='lat' dir='ltr'>dominis</span> <span class='ocrx_word' id='word_1_170' title='bbox 1121 2076 1394 2146; x_wconf 89' lang='lat' dir='ltr'>armisque</span> <span class='ocrx_word' id='word_1_171' title='bbox 1432 2076 1678 2130; x_wconf 90' lang='lat' dir='ltr'>feruntur</span> 
     </span>
    </p>

    <p class='ocr_par' dir='ltr' id='par_1_26' title="bbox 236 2150 1823 2222">
     <span class='ocr_line' id='line_1_27' title="bbox 236 2150 1823 2222; baseline -0.001 -17"><span class='ocrx_word' id='word_1_172' title='bbox 236 2151 628 2222; x_wconf 77' lang='lat' dir='ltr'>Quadripedes3</span> <span class='ocrx_word' id='word_1_173' title='bbox 665 2151 767 2204; x_wconf 90' lang='lat' dir='ltr'>hos</span> <span class='ocrx_word' id='word_1_174' title='bbox 804 2151 966 2203; x_wconf 88' lang='lat' dir='ltr'>turbo</span> <span class='ocrx_word' id='word_1_175' title='bbox 1005 2168 1194 2220; x_wconf 80' lang='lat' dir='ltr'>raan,</span> <span class='ocrx_word' id='word_1_176' title='bbox 1232 2150 1335 2203; x_wconf 88' lang='lat' dir='ltr'>hos</span> <span class='ocrx_word' id='word_1_177' title='bbox 1374 2150 1584 2204; x_wconf 89' lang='lat' dir='ltr'>lubrica</span> <span class='ocrx_word' id='word_1_178' title='bbox 1622 2150 1823 2204; x_wconf 88' lang='lat' dir='ltr'>fallunt</span> 
     </span>
    </p>

    <p class='ocr_par' dir='ltr' id='par_1_27' title="bbox 235 2224 1600 2295">
     <span class='ocr_line' id='line_1_28' title="bbox 235 2224 1600 2295; baseline -0.001 -15"><span class='ocrx_word' id='word_1_179' title='bbox 235 2224 398 2292; x_wconf 82' lang='lat' dir='ltr'>Saxa,</span> <span class='ocrx_word' id='word_1_180' title='bbox 437 2244 537 2280; x_wconf 93' lang='lat' dir='ltr'>nec</span> <span class='ocrx_word' id='word_1_181' title='bbox 576 2225 867 2295; x_wconf 89' lang='lat' dir='ltr'>implicitos</span> <span class='ocrx_word' id='word_1_182' title='bbox 899 2225 1063 2278; x_wconf 83' lang='lat' dir='ltr'>fluvio</span> <span class='ocrx_word' id='word_1_183' title='bbox 1103 2224 1407 2278; x_wconf 85' lang='lat' dir='ltr'>reverentia</span> <span class='ocrx_word' id='word_1_184' title='bbox 1445 2242 1600 2295; x_wconf 88' lang='lat' dir='ltr'>reges</span> 
     </span>
    </p>

    <p class='ocr_par' dir='ltr' id='par_1_28' title="bbox 232 2298 1654 2354">
     <span class='ocr_line' id='line_1_29' title="bbox 232 2298 1654 2354; baseline 0 -2"><span class='ocrx_word' id='word_1_185' title='bbox 232 2299 519 2354; x_wconf 90' lang='lat' dir='ltr'>Proterere</span> <span class='ocrx_word' id='word_1_186' title='bbox 558 2303 653 2353; x_wconf 89' lang='lat' dir='ltr'>aut</span> <span class='ocrx_word' id='word_1_187' title='bbox 691 2299 942 2352; x_wconf 90' lang='lat' dir='ltr'>mersisse</span> <span class='ocrx_word' id='word_1_188' title='bbox 981 2298 1120 2352; x_wconf 85' lang='lat' dir='ltr'>vado</span> <span class='ocrx_word' id='word_1_189' title='bbox 1161 2299 1450 2352; x_wconf 91' lang='lat' dir='ltr'>clamantis</span> <span class='ocrx_word' id='word_1_190' title='bbox 1493 2299 1654 2352; x_wconf 91' lang='lat' dir='ltr'>amici</span> 
     </span>
    </p>

    <p class='ocr_par' dir='ltr' id='par_1_29' title="bbox 233 2373 1926 2443">
     <span class='ocr_line' id='line_1_30' title="bbox 233 2373 1926 2443; baseline -0.001 -15"><span class='ocrx_word' id='word_1_191' title='bbox 233 2373 354 2428; x_wconf 90' lang='lat' dir='ltr'>Ora.</span> <span class='ocrx_word' id='word_1_192' title='bbox 417 2373 678 2428; x_wconf 87' lang='lat' dir='ltr'>Fremunt</span> <span class='ocrx_word' id='word_1_193' title='bbox 715 2373 911 2442; x_wconf 87' lang='lat' dir='ltr'>undae,</span> <span class='ocrx_word' id='word_1_194' title='bbox 948 2373 1254 2443; x_wconf 87' lang='lat' dir='ltr'>longusque</span> <span class='ocrx_word' id='word_1_195' title='bbox 1287 2391 1318 2426; x_wconf 91' lang='lat' dir='ltr'>a</span> <span class='ocrx_word' id='word_1_196' title='bbox 1348 2373 1591 2427; x_wconf 86' lang='lat' dir='ltr'>fontibus</span> <span class='ocrx_word' id='word_1_197' title='bbox 1632 2373 1806 2426; x_wconf 88' lang='lat' dir='ltr'>amnis</span> <span class='ocrx_word' id='word_1_198' title='bbox 1839 2385 1926 2427; x_wconf 86' lang='lat'>815</span> 
     </span>
    </p>
   </div>
   <div class='ocr_carea' id='block_1_3' title="bbox 305 2492 592 2503">
    <p class='ocr_par' dir='ltr' id='par_1_30' title="bbox 305 2492 592 2503">
     <span class='ocr_line' id='line_1_31' title="bbox 305 2492 592 2503; baseline 0 0"><span class='ocrx_word' id='word_1_199' title='bbox 305 2492 592 2503; x_wconf 95' lang='lat' dir='ltr'> </span> 
     </span>
    </p>
   </div>
   <div class='ocr_carea' id='block_1_4' title="bbox 219 2547 1927 2965">
    <p class='ocr_par' dir='ltr' id='par_1_31' title="bbox 219 2547 1927 2965">
     <span class='ocr_line' id='line_1_32' title="bbox 352 2547 1927 2608; baseline -0.003 -12"><span class='ocrx_word' id='word_1_200' title='bbox 352 2555 437 2596; x_wconf 93' lang='grc'>787</span> <span class='ocrx_word' id='word_1_201' title='bbox 469 2563 644 2608; x_wconf 86' lang='lat' dir='ltr'>egenus</span> <span class='ocrx_word' id='word_1_202' title='bbox 677 2549 1036 2595; x_wconf 74' lang='lat' dir='ltr'>Friesemannus</span> <span class='ocrx_word' id='word_1_203' title='bbox 1072 2551 1088 2607; x_wconf 89' lang='grc' dir='ltr'>ΙΙ</span> <span class='ocrx_word' id='word_1_204' title='bbox 1128 2553 1212 2594; x_wconf 89' lang='grc'>788</span> <span class='ocrx_word' id='word_1_205' title='bbox 1244 2548 1465 2606; x_wconf 89' lang='lat' dir='ltr'>clangore</span> <span class='ocrx_word' id='word_1_206' title='bbox 1496 2552 1624 2591; x_wconf 76' lang='lat' dir='ltr'>Pnu</span> <span class='ocrx_word' id='word_1_207' title='bbox 1656 2547 1860 2592; x_wconf 89' lang='lat' dir='ltr'>clamore</span> <span class='ocrx_word' id='word_1_208' title='bbox 1891 2552 1927 2591; x_wconf 76' lang='lat' dir='ltr'>G</span> 
     </span>
     <span class='ocr_line' id='line_1_33' title="bbox 228 2607 1925 2666; baseline -0.002 -12"><span class='ocrx_word' id='word_1_209' title='bbox 228 2609 365 2665; x_wconf 75' lang='lat' dir='ltr'>Beh.;</span> <span class='ocrx_word' id='word_1_210' title='bbox 397 2623 511 2657; x_wconf 83' lang='lat' dir='ltr'>corr.</span> <span class='ocrx_word' id='word_1_211' title='bbox 557 2610 867 2655; x_wconf 66' lang='lat' dir='ltr'>Baehsrensius</span> <span class='ocrx_word' id='word_1_212' title='bbox 911 2622 1085 2666; x_wconf 85' lang='lat' dir='ltr'>vagore</span> <span class='ocrx_word' id='word_1_213' title='bbox 1138 2608 1442 2664; x_wconf 67' lang='lat' dir='ltr'>Wakefieldus</span> <span class='ocrx_word' id='word_1_214' title='bbox 1486 2610 1502 2664; x_wconf 82' lang='grc' dir='ltr'>[Ι</span> <span class='ocrx_word' id='word_1_215' title='bbox 1548 2612 1632 2652; x_wconf 89' lang='grc'><strong>789</strong></span> <span class='ocrx_word' id='word_1_216' title='bbox 1666 2607 1925 2652; x_wconf 86' lang='lat' dir='ltr'>eluctantia</span> 
     </span>
     <span class='ocr_line' id='line_1_34' title="bbox 236 2644 1923 2727; baseline -0.002 -13"><span class='ocrx_word' id='word_1_217' title='bbox 236 2644 536 2727; x_wconf 59' lang='lat' dir='ltr'>Wop&#39;kensius</span> <span class='ocrx_word' id='word_1_218' title='bbox 558 2671 574 2726; x_wconf 90' lang='grc' dir='ltr'>ΙΙ</span> <span class='ocrx_word' id='word_1_219' title='bbox 600 2675 686 2715; x_wconf 93' lang='grc'><strong>797</strong></span> <span class='ocrx_word' id='word_1_220' title='bbox 711 2669 812 2713; x_wconf 88' lang='lat' dir='ltr'>alta</span> <span class='ocrx_word' id='word_1_221' title='bbox 833 2674 866 2711; x_wconf 98' lang='lat' dir='ltr'>P</span> <span class='ocrx_word' id='word_1_222' title='bbox 894 2670 899 2724; x_wconf 81' lang='grc' dir='ltr'>Ι</span> <span class='ocrx_word' id='word_1_223' title='bbox 928 2668 1146 2713; x_wconf 90' lang='lat' dir='ltr'>secuntur</span> <span class='ocrx_word' id='word_1_224' title='bbox 1169 2671 1235 2711; x_wconf 84' lang='lat' dir='ltr'>Bc</span> <span class='ocrx_word' id='word_1_225' title='bbox 1257 2670 1273 2725; x_wconf 80' lang='grc' dir='ltr'>ΙΙ</span> <span class='ocrx_word' id='word_1_226' title='bbox 1299 2672 1383 2713; x_wconf 88' lang='grc'>799</span> <span class='ocrx_word' id='word_1_227' title='bbox 1409 2680 1544 2712; x_wconf 87' lang='lat' dir='ltr'>omne</span> <span class='ocrx_word' id='word_1_228' title='bbox 1568 2672 1601 2709; x_wconf 93' lang='lat' dir='ltr'>P</span> <span class='ocrx_word' id='word_1_229' title='bbox 1622 2668 1639 2724; x_wconf 77' lang='lat'>11</span> <span class='ocrx_word' id='word_1_230' title='bbox 1663 2671 1750 2712; x_wconf 88' lang='lat'>803</span> <span class='ocrx_word' id='word_1_231' title='bbox 1778 2666 1923 2712; x_wconf 84' lang='lat' dir='ltr'>Arcas</span> 
     </span>
     <span class='ocr_line' id='line_1_35' title="bbox 228 2726 1923 2787; baseline -0.002 -15"><span class='ocrx_word' id='word_1_232' title='bbox 228 2734 296 2784; x_wconf 83' lang='lat' dir='ltr'>Pp</span> <span class='ocrx_word' id='word_1_233' title='bbox 334 2730 488 2787; x_wconf 88' lang='lat' dir='ltr'>Argas</span> <span class='ocrx_word' id='word_1_234' title='bbox 520 2745 544 2773; x_wconf 86' lang='lat' dir='ltr'>r</span> <span class='ocrx_word' id='word_1_235' title='bbox 574 2729 751 2773; x_wconf 89' lang='lat' dir='ltr'>Archas</span> <span class='ocrx_word' id='word_1_236' title='bbox 792 2732 827 2771; x_wconf 75' lang='lat' dir='ltr'>G</span> <span class='ocrx_word' id='word_1_237' title='bbox 865 2729 881 2785; x_wconf 85' lang='grc' dir='ltr'>ΙΙ</span> <span class='ocrx_word' id='word_1_238' title='bbox 918 2732 1005 2772; x_wconf 89' lang='grc'>810</span> <span class='ocrx_word' id='word_1_239' title='bbox 1035 2728 1085 2771; x_wconf 91' lang='lat' dir='ltr'>in</span> <span class='ocrx_word' id='word_1_240' title='bbox 1119 2727 1332 2772; x_wconf 87' lang='lat' dir='ltr'>cursibus</span> <span class='ocrx_word' id='word_1_241' title='bbox 1363 2731 1397 2770; x_wconf 86' lang='lat' dir='ltr'>B</span> <span class='ocrx_word' id='word_1_242' title='bbox 1438 2741 1513 2784; x_wconf 77' lang='lat' dir='ltr'>pr.</span> <span class='ocrx_word' id='word_1_243' title='bbox 1547 2741 1602 2771; x_wconf 84' lang='lat' dir='ltr'>m.</span> <span class='ocrx_word' id='word_1_244' title='bbox 1637 2726 1747 2771; x_wconf 75' lang='lat' dir='ltr'>Beh.</span> <span class='ocrx_word' id='word_1_245' title='bbox 1776 2727 1864 2770; x_wconf 75' lang='grc' dir='ltr'>πδ</span> <span class='ocrx_word' id='word_1_246' title='bbox 1888 2730 1923 2768; x_wconf 80' lang='lat' dir='ltr'>G</span> 
     </span>
     <span class='ocr_line' id='line_1_36' title="bbox 228 2784 1923 2846; baseline -0.002 -14"><span class='ocrx_word' id='word_1_247' title='bbox 228 2803 285 2832; x_wconf 85' lang='lat' dir='ltr'>m.</span> <span class='ocrx_word' id='word_1_248' title='bbox 326 2803 403 2846; x_wconf 75' lang='lat' dir='ltr'>pr.</span> <span class='ocrx_word' id='word_1_249' title='bbox 434 2787 698 2835; x_wconf 85' lang='lat' dir='ltr'>incursibus</span> <span class='ocrx_word' id='word_1_250' title='bbox 728 2805 752 2832; x_wconf 87' lang='lat' dir='ltr'>r</span> <span class='ocrx_word' id='word_1_251' title='bbox 793 2789 999 2846; x_wconf 68' lang='lat' dir='ltr'>Unqerus</span> <span class='ocrx_word' id='word_1_252' title='bbox 1035 2788 1051 2843; x_wconf 89' lang='grc' dir='ltr'>ΙΙ</span> <span class='ocrx_word' id='word_1_253' title='bbox 1089 2791 1174 2832; x_wconf 85' lang='grc'>812</span> <span class='ocrx_word' id='word_1_254' title='bbox 1216 2786 1534 2843; x_wconf 84' lang='lat' dir='ltr'>Quadripedes</span> <span class='ocrx_word' id='word_1_255' title='bbox 1574 2790 1676 2829; x_wconf 88' lang='lat' dir='ltr'>Brb</span> <span class='ocrx_word' id='word_1_256' title='bbox 1714 2784 1923 2838; x_wconf 84' lang='lat' dir='ltr'>Quadru-</span> 
     </span>
     <span class='ocr_line' id='line_1_37' title="bbox 227 2845 1920 2904; baseline -0.001 -13"><span class='ocrx_word' id='word_1_257' title='bbox 227 2847 371 2903; x_wconf 90' lang='lat' dir='ltr'>pedes</span> <span class='ocrx_word' id='word_1_258' title='bbox 415 2853 502 2892; x_wconf 71' lang='lat' dir='ltr'>Pu</span> <span class='ocrx_word' id='word_1_259' title='bbox 548 2849 603 2904; x_wconf 82' lang='lat' dir='ltr'>cf.</span> <span class='ocrx_word' id='word_1_260' title='bbox 655 2848 763 2892; x_wconf 90' lang='lat' dir='ltr'>VII</span> <span class='ocrx_word' id='word_1_261' title='bbox 796 2851 887 2893; x_wconf 87' lang='lat'>109</span> <span class='ocrx_word' id='word_1_262' title='bbox 942 2847 1070 2904; x_wconf 74' lang='lat' dir='ltr'>Very.</span> <span class='ocrx_word' id='word_1_263' title='bbox 1123 2846 1238 2892; x_wconf 75' lang='lat' dir='ltr'>Aen.</span> <span class='ocrx_word' id='word_1_264' title='bbox 1289 2846 1368 2891; x_wconf 87' lang='lat' dir='ltr'>XI</span> <span class='ocrx_word' id='word_1_265' title='bbox 1403 2849 1493 2891; x_wconf 79' lang='lat'><strong><em>714.</em></strong></span> <span class='ocrx_word' id='word_1_266' title='bbox 1532 2845 1671 2891; x_wconf 71' lang='lat' dir='ltr'><strong><em>Ribb.</em></strong></span> <span class='ocrx_word' id='word_1_267' title='bbox 1719 2846 1920 2902; x_wconf 71' lang='grc' dir='ltr'>Ρνοῐε99.</span> 
     </span>
     <span class='ocr_line' id='line_1_38' title="bbox 219 2905 1064 2965; baseline -0.001 -13"><span class='ocrx_word' id='word_1_268' title='bbox 219 2919 269 2964; x_wconf 93' lang='grc' dir='ltr'>Ρ.</span> <span class='ocrx_word' id='word_1_269' title='bbox 302 2911 390 2954; x_wconf 79' lang='lat'>451</span> <span class='ocrx_word' id='word_1_270' title='bbox 419 2909 426 2965; x_wconf 92' lang='grc' dir='ltr'>Ι</span> <span class='ocrx_word' id='word_1_271' title='bbox 453 2908 592 2952; x_wconf 87' lang='lat' dir='ltr'>turba</span> <span class='ocrx_word' id='word_1_272' title='bbox 621 2912 717 2950; x_wconf 83' lang='lat' dir='ltr'>PPc</span> <span class='ocrx_word' id='word_1_273' title='bbox 726 2911 897 2951; x_wconf 80' lang='lat' dir='ltr'>SrbcD</span> <span class='ocrx_word' id='word_1_274' title='bbox 924 2905 1064 2951; x_wconf 76' lang='lat' dir='ltr'><em>Behh.</em></span> 
     </span>
    </p>
   </div>
  </div>
 </body>
</html>
