1988 3106
143 180 175 232 8
759 179 809 223 P.
842 179 1068 223 PAPINII
1102 178 1299 224 STATII

142 300 366 369 Templa
405 299 736 368 superfulges
776 301 830 351 et
865 301 1207 366 prospectare
1246 299 1464 368 uideriS,

140 373 229 425 An
268 391 411 426 noua
449 373 768 440 contemptis
809 375 1033 441 surgant
1069 372 1272 440 palatia
1307 372 1537 425 flammis

140 446 434 515 PulchriuS‚
473 463 543 497 an
580 446 746 497 tacita
783 445 973 513 uigilet
1009 445 1125 497 face
1165 445 1386 498 Troicus
1424 447 1566 515 ignis
1841 459 1895 498 35
1952 459 1969 512 ᾖ

140 518 319 588 Atque
358 519 658 587 exploratas
696 519 806 570 iam
844 518 1024 570 laudet
1054 517 1221 571 Uesta
1258 519 1549 572 ministras·
1967 538 1969 548 ¹

141 591 341 645 Dextra
379 595 528 644 uetat
563 592 758 661 pugnis
797 590 1036 643 Latium:
1075 591 1319 644 Tritonia
1355 593 1523 662 uirgo-

140 664 265 718 Non
303 669 494 735 grauat
531 668 585 718 et
624 669 797 717 sectae
834 664 1188 732 praetendens
1227 665 1364 717 colla
1400 664 1649 717 Medusae

142 737 251 792 Ceu
290 739 518 791 stimulis
558 738 798 791 accendit
835 755 1053 807 equum3
1092 755 1191 790 nec
1230 738 1432 790 dulcior
1469 757 1693 807 usquam

139 811 302 865 Lecta
339 813 467 864 deae
508 812 671 864 sedes,
746 828 844 863 nee
883 812 972 879 sic,
1010 814 1177 879 pater,
1216 811 1330 879 ipse
1369 815 1577 864 teneres
1845 825 1901 864 40

140 885 378 954 Pectora,
418 903 550 955 quae
589 884 775 936 mundi
811 884 1028 937 ualeant
1066 885 1310 937 euoluere
1350 902 1519 937 curas,

139 958 243 1027 En,
282 959 366 1011 cui
405 976 459 1011 se
497 959 628 1011 totis
667 957 888 1009 Temese
927 957 1073 1009 dedit
1108 958 1304 1010 hausta
1341 959 1586 1026 metallis,

139 1032 192 1084 It
227 1035 380 1101 tergo
421 1032 650 1083 demissa
688 1032 902 1099 clamys,
978 1031 1118 1082 latus
1157 1049 1282 1083 ense
1321 1031 1501 1099 quieto

142 1103 414 1172 Securum3
454 1121 681 1173 magnus
721 1107 921 1172 quanto
960 1121 1214 1156 mucrone
1252 1104 1488 1155 minatur

141 1177 402 1231 Noctibus
440 1178 679 1230 hibernis
719 1180 773 1229 et
811 1177 984 1229 sidera
1021 1179 1187 1229 terret
1224 1176 1406 1229 Orion.
1847 1190 1903 1230 45

141 1252 216 1304 At
254 1252 467 1320 sonipes
505 1251 720 1303 habitus
760 1250 1073 1320 animosque
1112 1250 1351 1302 imitatus
1391 1254 1661 1319 equestres

140 1325 331 1377 Acrius
372 1325 572 1378 attollit
608 1325 788 1376 uultus
827 1341 1144 1392 cursumque
1183 1324 1439 1392 minatur3

142 1397 240 1451 Cui
276 1397 459 1464 rigidis
499 1401 645 1450 stant
683 1397 819 1450 colla
855 1397 996 1449 iubis
1034 1397 1295 1465 uiuusque
1333 1414 1428 1465 per
1467 1415 1643 1450 armos

141 1471 379 1539 Impetus
419 1474 473 1523 et
509 1471 679 1522 tantis
717 1470 1012 1523 calcaribus
1050 1470 1144 1522 ilia
1180 1470 1287 1522 late

143 1543 438 1596 Suffectura
475 1546 676 1612 patent.
750 1561 950 1595 uacuae
989 1561 1084 1611 pro
1125 1543 1322 1611 cespite
1361 1546 1535 1595 terrae
1849 1556 1904 1597 50

140 1618 315 1669 Aerea
353 1618 550 1685 captiui
589 1617 788 1668 crinem
825 1617 952 1668 terit
988 1617 1192 1684 ungula
1229 1616 1418 1668 Rheni.

140 1689 299 1743 Hunc
338 1693 392 1742 et
428 1690 724 1742 Adrasteus
761 1689 936 1741 uisum
977 1690 1308 1741 extimuisset
1347 1690 1529 1757 Arion,

141 1763 215 1815 Et
252 1766 415 1831 pauet
454 1763 717 1830 aspiciens
756 1762 996 1814 Ledaeus
1037 1763 1103 1814 ab
1145 1762 1612 1832 aede-propinqua

143 1836 404 1904 Cyllarus
481 1835 568 1887 hic
607 1835 807 1888 domini
843 1853 1135 1903 numquam
1174 1837 1404 1887 mutabit
1445 1836 1684 1889 habenas

141 1909 435 1979 Perpetuus
475 1909 640 1961 frenis
681 1912 839 1977 atque
877 1909 970 1960 uni
1010 1908 1204 1960 seruiet
1241 1911 1401 1962 astro,
1850 1923 1904 1962 55

142 1982 247 2036 Uix
286 1984 401 2035 sola
441 1982 725 2049 sufficiunt,
762 1983 1073 2050 insessaque
1111 1981 1345 2050 pondere
1383 1985 1536 2035 tanto
1851 1996 1859 2004 ”

144 2055 336 2109 Subter
375 2055 594 2107 anhelat
630 2055 847 2122 humus3
885 2072 983 2107 nec
1020 2054 1162 2107 ferro
1201 2058 1295 2107 aut
1332 2073 1475 2107 aere:
1515 2057 1766 2109 laborant

144 2127 253 2181 Sub
294 2129 474 2198 geni03
513 2131 696 2181 teneat
734 2128 976 2197 quamuis
1017 2132 1234 2181 aeterna
1272 2130 1500 2200 crepido,

262 2408 317 2448 33
366 2403 687 2460 superfulgens
733 2407 761 2444 0
788 2418 830 2457 a,
876 2416 989 2447 corr.
1039 2407 1067 2446 ς
1098 2405 1114 2459 ΙΙ
1151 2409 1205 2447 37
1238 2412 1416 2471 pugnes
1447 2405 1611 2449 latium
1643 2410 1691 2460 0,
1732 2408 1909 2451 correxi
1936 2408 1939 2411 ’

145 2464 239 2507 coll.
277 2462 408 2506 Theb.
445 2461 567 2504 XII
596 2465 712 2514 558,
750 2475 951 2517 pugnas3
990 2461 1172 2505 laeuam
1206 2466 1234 2504 ς
1260 2478 1287 2504 a
1313 2465 1319 2516 Ι
1346 2463 1479 2519 uirgo
1514 2468 1563 2507 ‘32
1603 2464 1745 2520 uulgo
1777 2470 1805 2507 0
1836 2481 1863 2507 a
1893 2468 1908 2522 Η

145 2526 199 2565 38
230 2520 494 2577 praetendit
526 2524 554 2561 0
585 2535 632 2574 a,
672 2532 784 2562 εον-,ν
819 2523 847 2563 ς
878 2521 893 2576 ΙΙ
924 2525 980 2562 40
1013 2519 1078 2563 sic
1112 2524 1161 2563 ⁶3:
1202 2520 1239 2562 si
1271 2525 1299 2562 0
1323 2536 1349 2562 a
1379 2523 1394 2576 ΙΙ
1427 2527 1482 2564 42
1515 2521 1586 2564 En
1619 2522 1691 2566 cui
1722 2525 1906 2579 scripsi:

144 2579 204 2622 Et
235 2579 337 2634 quis
369 2583 406 2620 A
445 2578 506 2621 Et
538 2577 618 2634 qui
648 2582 676 2619 0
715 2578 777 2621 Et
808 2577 880 2620 eui
921 2577 1183 2622 Gronouius
1209 2579 1215 2635 Ι
1243 2579 1448 2623 themese
1481 2580 1610 2624 dedit
1639 2585 1695 2624 A:
1728 2582 1906 2625 themes

145 2637 291 2682 edidit
329 2641 357 2678 0
396 2639 410 2693 ΙΙ
449 2641 504 2680 43
544 2638 587 2679 It
624 2640 681 2679 A.
723 2636 784 2679 Et
822 2641 850 2677 C
886 2637 902 2691 ΙΙ
940 2641 996 2680 48
1035 2636 1260 2691 uiuusque
1293 2641 1342 2680 c:
1383 2637 1642 2693 nimiusque
1675 2655 1721 2693 a;
1753 2642 1908 2684 ‘malim

144 2696 368 2751 uiuosque
406 2697 421 2751 ΙΙ
459 2700 514 2738 49
554 2699 671 2750 puto
717 2695 831 2750 Imp.
878 2696 939 2749 it3
985 2694 1129 2738 tantis
1167 2697 1182 2750 ΙΙ
1220 2699 1274 2738 51
1322 2696 1474 2739 Aerea
1517 2697 1715 2742 Marskl
1752 2700 1909 2742 Aenea

145 2759 173 2796 0
204 2769 231 2796 a.
273 2756 278 2809 Ι
319 2754 431 2797 terit
467 2753 764 2796 Bernartius
801 2752 923 2809 tegit
959 2757 987 2794 0
1012 2768 1040 2795 a
1075 2755 1090 2808 ΙΙ
1129 2758 1186 2796 54
1225 2754 1427 2798 mutauit
1458 2759 1486 2796 0
1510 2770 1558 2807 a,
1590 2769 1701 2799 emur
1731 2761 1760 2800 ς
1798 2759 1814 2813 ΙΙ
1851 2762 1906 2800 55

143 2813 397 2868 Perpetuus
430 2816 477 2855 0;
511 2811 751 2867 Perpetuis
784 2815 812 2855 ς
838 2826 865 2853 a.
902 2812 917 2867 ΙΙ
956 2815 1010 2855 56
1043 2813 1143 2855 tato
1174 2814 1230 2854 A:
1270 2813 1370 2856 toto
1403 2817 1432 2854 0
1470 2813 1485 2869 ΙΙ
1523 2817 1578 2857 57
1610 2814 1795 2859 laborat
1827 2820 1854 2858 ς
1895 2817 1909 2873 Ιῐ

145 2875 199 2916 58
234 2870 323 2915 Sed
356 2869 492 2927 genio
524 2870 674 2914 Aldus
