<?xml version="1.0" encoding="UTF-8"?>
<!DOCTYPE html PUBLIC "-//W3C//DTD XHTML 1.0 Transitional//EN"
    "http://www.w3.org/TR/xhtml1/DTD/xhtml1-transitional.dtd">
<html xmlns="http://www.w3.org/1999/xhtml" xml:lang="en" lang="en">
 <head>
  <title>
</title>
<meta http-equiv="Content-Type" content="text/html;charset=utf-8" />
  <meta name='ocr-system' content='tesseract 3.04.00' />
  <meta name='ocr-capabilities' content='ocr_page ocr_carea ocr_par ocr_line ocrx_word'/>
</head>
<body>
  <div class='ocr_page' id='page_1' title='image "./operapapinius12statuoft_0393.png"; bbox 0 0 1976 3094; ppageno 0'>
   <div class='ocr_carea' id='block_1_1' title="bbox 0 0 69 3094">
    <p class='ocr_par' dir='ltr' id='par_1_1' title="bbox 0 0 69 3094">
     <span class='ocr_line' id='line_1_1' title="bbox 0 0 69 3094; baseline 0 0"><span class='ocrx_word' id='word_1_1' title='bbox 0 0 69 3094; x_wconf 95' lang='lat' dir='ltr'><strong> </strong></span> 
     </span>
    </p>
   </div>
   <div class='ocr_carea' id='block_1_2' title="bbox 649 155 1785 220">
    <p class='ocr_par' dir='ltr' id='par_1_2' title="bbox 649 155 1785 220">
     <span class='ocr_line' id='line_1_2' title="bbox 649 155 1785 220; baseline 0.016 -18"><span class='ocrx_word' id='word_1_2' title='bbox 649 155 991 206; x_wconf 84' lang='lat' dir='ltr'><strong>THEBAIDOS</strong></span> <span class='ocrx_word' id='word_1_3' title='bbox 1024 158 1133 207; x_wconf 91' lang='lat' dir='ltr'><strong>LIB.</strong></span> <span class='ocrx_word' id='word_1_4' title='bbox 1166 160 1225 210; x_wconf 89' lang='lat' dir='ltr'><strong>V.</strong></span> <span class='ocrx_word' id='word_1_5' title='bbox 1677 164 1785 220; x_wconf 82' lang='lat'><strong>123</strong></span> 
     </span>
    </p>
   </div>
   <div class='ocr_carea' id='block_1_3' title="bbox 18 276 1785 2650">
    <p class='ocr_par' dir='ltr' id='par_1_3' title="bbox 88 276 1565 352">
     <span class='ocr_line' id='line_1_3' title="bbox 88 276 1565 352; baseline 0.005 -20"><span class='ocrx_word' id='word_1_6' title='bbox 88 276 204 332; x_wconf 91' lang='lat' dir='ltr'><strong>Nec</strong></span> <span class='ocrx_word' id='word_1_7' title='bbox 243 277 308 332; x_wconf 90' lang='lat' dir='ltr'><strong>de</strong></span> <span class='ocrx_word' id='word_1_8' title='bbox 346 295 496 334; x_wconf 88' lang='lat' dir='ltr'><strong>more</strong></span> <span class='ocrx_word' id='word_1_9' title='bbox 535 295 717 333; x_wconf 86' lang='lat' dir='ltr'><strong>cruor:</strong></span> <span class='ocrx_word' id='word_1_10' title='bbox 756 282 948 334; x_wconf 90' lang='lat' dir='ltr'><strong>natum</strong></span> <span class='ocrx_word' id='word_1_11' title='bbox 988 279 1293 352; x_wconf 82' lang='lat' dir='ltr'>Charopeia</span> <span class='ocrx_word' id='word_1_12' title='bbox 1331 284 1565 339; x_wconf 87' lang='lat' dir='ltr'><strong>coniunx</strong></span> 
     </span>
    </p>

    <p class='ocr_par' dir='ltr' id='par_1_4' title="bbox 18 349 1785 871">
     <span class='ocr_line' id='line_1_4' title="bbox 18 349 1785 423; baseline 0.003 -13"><span class='ocrx_word' id='word_1_13' title='bbox 18 349 19 410; x_wconf 64' lang='grc' dir='ltr'><strong>Ῠ</strong></span> <span class='ocrx_word' id='word_1_14' title='bbox 50 382 57 404; x_wconf 72' lang='lat'><strong>··</strong></span> <span class='ocrx_word' id='word_1_15' title='bbox 89 350 331 423; x_wconf 85' lang='lat' dir='ltr'><strong>Obtulit,</strong></span> <span class='ocrx_word' id='word_1_16' title='bbox 371 352 661 423; x_wconf 86' lang='lat' dir='ltr'><strong>accingunt</strong></span> <span class='ocrx_word' id='word_1_17' title='bbox 701 371 818 408; x_wconf 90' lang='lat' dir='ltr'><strong>sese</strong></span> <span class='ocrx_word' id='word_1_18' title='bbox 858 357 912 407; x_wconf 89' lang='lat' dir='ltr'><strong>et</strong></span> <span class='ocrx_word' id='word_1_19' title='bbox 951 356 1209 410; x_wconf 88' lang='lat' dir='ltr'><strong>mirantia</strong></span> <span class='ocrx_word' id='word_1_20' title='bbox 1249 357 1391 411; x_wconf 87' lang='lat' dir='ltr'><strong>ferro</strong></span> <span class='ocrx_word' id='word_1_21' title='bbox 1701 373 1785 415; x_wconf 88' lang='grc'><strong>160</strong></span> 
     </span>
     <span class='ocr_line' id='line_1_5' title="bbox 86 425 1683 502; baseline 0.006 -23"><span class='ocrx_word' id='word_1_22' title='bbox 86 425 316 482; x_wconf 89' lang='lat' dir='ltr'><strong>Pectora</strong></span> <span class='ocrx_word' id='word_1_23' title='bbox 353 426 732 498; x_wconf 79' lang='lat' dir='ltr'><strong>congestisque</strong></span> <span class='ocrx_word' id='word_1_24' title='bbox 773 428 961 482; x_wconf 90' lang='lat' dir='ltr'><strong>avidae</strong></span> <span class='ocrx_word' id='word_1_25' title='bbox 1002 430 1163 483; x_wconf 87' lang='lat' dir='ltr'><strong>simul</strong></span> <span class='ocrx_word' id='word_1_26' title='bbox 1203 431 1438 502; x_wconf 89' lang='lat' dir='ltr'><strong>undique</strong></span> <span class='ocrx_word' id='word_1_27' title='bbox 1477 433 1683 487; x_wconf 78' lang='lat' dir='ltr'>dextris</span> 
     </span>
     <span class='ocr_line' id='line_1_6' title="bbox 88 499 1511 575; baseline 0.004 -21"><span class='ocrx_word' id='word_1_28' title='bbox 88 499 463 571; x_wconf 84' lang='lat' dir='ltr'><strong>Perfringunt,</strong></span> <span class='ocrx_word' id='word_1_29' title='bbox 503 518 565 555; x_wconf 89' lang='lat' dir='ltr'><strong>ac</strong></span> <span class='ocrx_word' id='word_1_30' title='bbox 604 501 759 555; x_wconf 93' lang='lat' dir='ltr'><strong>dulce</strong></span> <span class='ocrx_word' id='word_1_31' title='bbox 798 502 950 556; x_wconf 90' lang='lat' dir='ltr'><strong>nefas</strong></span> <span class='ocrx_word' id='word_1_32' title='bbox 991 503 1049 557; x_wconf 92' lang='lat' dir='ltr'><strong>in</strong></span> <span class='ocrx_word' id='word_1_33' title='bbox 1089 506 1349 575; x_wconf 87' lang='lat' dir='ltr'><strong>sanguine</strong></span> <span class='ocrx_word' id='word_1_34' title='bbox 1388 507 1511 560; x_wconf 82' lang='lat' dir='ltr'><strong>vivo</strong></span> 
     </span>
     <span class='ocr_line' id='line_1_7' title="bbox 87 572 1645 646; baseline 0.005 -18"><span class='ocrx_word' id='word_1_35' title='bbox 87 572 407 645; x_wconf 84' lang='lat' dir='ltr'><strong>Coniurant,</strong></span> <span class='ocrx_word' id='word_1_36' title='bbox 447 579 782 646; x_wconf 90' lang='lat' dir='ltr'><strong>matremque</strong></span> <span class='ocrx_word' id='word_1_37' title='bbox 821 594 1007 631; x_wconf 87' lang='lat' dir='ltr'><strong>recens</strong></span> <span class='ocrx_word' id='word_1_38' title='bbox 1049 579 1399 634; x_wconf 87' lang='lat' dir='ltr'><strong>circumvolat</strong></span> <span class='ocrx_word' id='word_1_39' title='bbox 1436 581 1645 636; x_wconf 90' lang='lat' dir='ltr'><strong>umbra.</strong></span> 
     </span>
     <span class='ocr_line' id='line_1_8' title="bbox 86 646 1575 725; baseline 0.005 -24"><span class='ocrx_word' id='word_1_40' title='bbox 86 646 242 704; x_wconf 86' lang='lat' dir='ltr'><strong>Talia</strong></span> <span class='ocrx_word' id='word_1_41' title='bbox 280 649 519 703; x_wconf 85' lang='lat' dir='ltr'><strong>cernenti</strong></span> <span class='ocrx_word' id='word_1_42' title='bbox 558 650 692 703; x_wconf 88' lang='lat' dir='ltr'><strong>mihi</strong></span> <span class='ocrx_word' id='word_1_43' title='bbox 733 653 968 720; x_wconf 90' lang='lat' dir='ltr'><strong>quantus</strong></span> <span class='ocrx_word' id='word_1_44' title='bbox 1009 652 1065 705; x_wconf 92' lang='lat' dir='ltr'><strong>in</strong></span> <span class='ocrx_word' id='word_1_45' title='bbox 1105 653 1318 707; x_wconf 91' lang='lat' dir='ltr'><strong>ossibus</strong></span> <span class='ocrx_word' id='word_1_46' title='bbox 1359 654 1575 725; x_wconf 90' lang='lat' dir='ltr'><strong>horror,</strong></span> 
     </span>
     <span class='ocr_line' id='line_1_9' title="bbox 86 721 1783 795; baseline 0.006 -20"><span class='ocrx_word' id='word_1_47' title='bbox 86 721 285 786; x_wconf 81' lang='lat' dir='ltr'><strong>Quisve</strong></span> <span class='ocrx_word' id='word_1_48' title='bbox 324 741 422 793; x_wconf 91' lang='lat' dir='ltr'><strong>per</strong></span> <span class='ocrx_word' id='word_1_49' title='bbox 460 741 558 778; x_wconf 91' lang='lat' dir='ltr'><strong>ora</strong></span> <span class='ocrx_word' id='word_1_50' title='bbox 596 723 770 778; x_wconf 80' lang='lat' dir='ltr'><strong>color!</strong></span> <span class='ocrx_word' id='word_1_51' title='bbox 812 725 986 795; x_wconf 90' lang='lat' dir='ltr'><strong>qualis</strong></span> <span class='ocrx_word' id='word_1_52' title='bbox 1028 744 1149 780; x_wconf 91' lang='lat' dir='ltr'><strong>cum</strong></span> <span class='ocrx_word' id='word_1_53' title='bbox 1190 746 1348 781; x_wconf 90' lang='lat' dir='ltr'><strong>cerva</strong></span> <span class='ocrx_word' id='word_1_54' title='bbox 1388 730 1624 784; x_wconf 89' lang='lat' dir='ltr'><strong>cruentis</strong></span> <span class='ocrx_word' id='word_1_55' title='bbox 1699 744 1783 786; x_wconf 83' lang='lat'>165</span> 
     </span>
     <span class='ocr_line' id='line_1_10' title="bbox 83 793 1495 871; baseline 0.004 -19"><span class='ocrx_word' id='word_1_56' title='bbox 83 793 463 852; x_wconf 72' lang='lat' dir='ltr'><strong>circumventa</strong></span> <span class='ocrx_word' id='word_1_57' title='bbox 501 797 644 867; x_wconf 87' lang='lat' dir='ltr'><strong>lupis</strong></span> <span class='ocrx_word' id='word_1_58' title='bbox 654 840 668 867; x_wconf 97' lang='lat'><strong>,</strong></span> <span class='ocrx_word' id='word_1_59' title='bbox 706 799 919 852; x_wconf 91' lang='lat' dir='ltr'><strong>nullum</strong></span> <span class='ocrx_word' id='word_1_60' title='bbox 959 800 1042 854; x_wconf 90' lang='lat' dir='ltr'><strong>cui</strong></span> <span class='ocrx_word' id='word_1_61' title='bbox 1081 805 1301 871; x_wconf 78' lang='lat' dir='ltr'><strong>pectore</strong></span> <span class='ocrx_word' id='word_1_62' title='bbox 1341 804 1495 857; x_wconf 91' lang='lat' dir='ltr'><strong>molli</strong></span> 
     </span>
    </p>

    <p class='ocr_par' dir='ltr' id='par_1_5' title="bbox 82 869 1382 945">
     <span class='ocr_line' id='line_1_11' title="bbox 82 869 1382 945; baseline 0.005 -21"><span class='ocrx_word' id='word_1_63' title='bbox 82 869 270 925; x_wconf 88' lang='lat' dir='ltr'><strong>Robur</strong></span> <span class='ocrx_word' id='word_1_64' title='bbox 308 874 364 925; x_wconf 91' lang='lat' dir='ltr'><strong>et</strong></span> <span class='ocrx_word' id='word_1_65' title='bbox 401 871 459 925; x_wconf 93' lang='lat' dir='ltr'><strong>in</strong></span> <span class='ocrx_word' id='word_1_66' title='bbox 497 871 707 927; x_wconf 90' lang='lat' dir='ltr'><strong>volucri</strong></span> <span class='ocrx_word' id='word_1_67' title='bbox 745 874 923 927; x_wconf 90' lang='lat' dir='ltr'><strong>tenuis</strong></span> <span class='ocrx_word' id='word_1_68' title='bbox 963 874 1160 929; x_wconf 90' lang='lat' dir='ltr'><strong>fiducia</strong></span> <span class='ocrx_word' id='word_1_69' title='bbox 1200 894 1382 945; x_wconf 89' lang='lat' dir='ltr'><strong>cursu,</strong></span> 
     </span>
    </p>

    <p class='ocr_par' dir='ltr' id='par_1_6' title="bbox 83 943 1576 1078">
     <span class='ocr_line' id='line_1_12' title="bbox 83 943 1576 1019; baseline 0.005 -21"><span class='ocrx_word' id='word_1_70' title='bbox 83 943 415 1016; x_wconf 73' lang='lat' dir='ltr'><strong>Praecipitat</strong></span> <span class='ocrx_word' id='word_1_71' title='bbox 453 964 714 1016; x_wconf 89' lang='lat' dir='ltr'><strong>suspensa</strong></span> <span class='ocrx_word' id='word_1_72' title='bbox 752 947 964 1018; x_wconf 88' lang='lat' dir='ltr'><strong>fugam,</strong></span> <span class='ocrx_word' id='word_1_73' title='bbox 1002 949 1114 1002; x_wconf 90' lang='lat' dir='ltr'><strong>iam</strong></span> <span class='ocrx_word' id='word_1_74' title='bbox 1147 950 1364 1019; x_wconf 91' lang='lat' dir='ltr'><strong>iamque</strong></span> <span class='ocrx_word' id='word_1_75' title='bbox 1404 952 1576 1005; x_wconf 89' lang='lat' dir='ltr'><strong>teneri</strong></span> 
     </span>
     <span class='ocr_line' id='line_1_13' title="bbox 83 1016 1399 1078; baseline 0.005 -7"><span class='ocrx_word' id='word_1_76' title='bbox 83 1016 269 1074; x_wconf 86' lang='lat' dir='ltr'><strong>Credit</strong></span> <span class='ocrx_word' id='word_1_77' title='bbox 307 1022 363 1073; x_wconf 90' lang='lat' dir='ltr'><strong>et</strong></span> <span class='ocrx_word' id='word_1_78' title='bbox 401 1020 581 1075; x_wconf 90' lang='lat' dir='ltr'><strong>elusos</strong></span> <span class='ocrx_word' id='word_1_79' title='bbox 623 1020 775 1074; x_wconf 87' lang='lat' dir='ltr'><strong>audit</strong></span> <span class='ocrx_word' id='word_1_80' title='bbox 814 1040 1130 1076; x_wconf 89' lang='lat' dir='ltr'><strong>concurrere</strong></span> <span class='ocrx_word' id='word_1_81' title='bbox 1170 1042 1399 1078; x_wconf 88' lang='lat' dir='ltr'><strong>morsus.</strong></span> 
     </span>
    </p>

    <p class='ocr_par' dir='ltr' id='par_1_7' title="bbox 78 1091 1782 1612">
     <span class='ocr_line' id='line_1_14' title="bbox 80 1091 1782 1165; baseline 0.005 -18"><span class='ocrx_word' id='word_1_82' title='bbox 80 1091 172 1147; x_wconf 89' lang='lat' dir='ltr'><strong>Illi</strong></span> <span class='ocrx_word' id='word_1_83' title='bbox 211 1093 458 1164; x_wconf 85' lang='lat' dir='ltr'><strong>aderant3</strong></span> <span class='ocrx_word' id='word_1_84' title='bbox 497 1094 688 1165; x_wconf 90' lang='lat' dir='ltr'><strong>primis</strong></span> <span class='ocrx_word' id='word_1_85' title='bbox 729 1095 947 1165; x_wconf 90' lang='lat' dir='ltr'><strong>iamque</strong></span> <span class='ocrx_word' id='word_1_86' title='bbox 987 1097 1256 1150; x_wconf 87' lang='lat' dir='ltr'><strong>offendere</strong></span> <span class='ocrx_word' id='word_1_87' title='bbox 1296 1099 1512 1154; x_wconf 87' lang='lat' dir='ltr'><strong>carinae</strong></span> <span class='ocrx_word' id='word_1_88' title='bbox 1697 1114 1782 1155; x_wconf 82' lang='lat'>170</span> 
     </span>
     <span class='ocr_line' id='line_1_15' title="bbox 78 1165 1405 1241; baseline 0.005 -21"><span class='ocrx_word' id='word_1_89' title='bbox 78 1165 377 1238; x_wconf 85' lang='lat' dir='ltr'><strong>Litoribus,</strong></span> <span class='ocrx_word' id='word_1_90' title='bbox 416 1171 628 1223; x_wconf 86' lang='lat' dir='ltr'><strong>certant</strong></span> <span class='ocrx_word' id='word_1_91' title='bbox 667 1170 811 1223; x_wconf 90' lang='lat' dir='ltr'><strong>saltu</strong></span> <span class='ocrx_word' id='word_1_92' title='bbox 853 1172 1164 1241; x_wconf 87' lang='lat' dir='ltr'><strong>contingere</strong></span> <span class='ocrx_word' id='word_1_93' title='bbox 1203 1175 1405 1226; x_wconf 91' lang='lat' dir='ltr'><strong>terram</strong></span> 
     </span>
     <span class='ocr_line' id='line_1_16' title="bbox 82 1240 1647 1313; baseline 0.005 -19"><span class='ocrx_word' id='word_1_94' title='bbox 82 1240 430 1312; x_wconf 75' lang='lat' dir='ltr'><strong>Praecipites·</strong></span> <span class='ocrx_word' id='word_1_95' title='bbox 466 1305 471 1312; x_wconf 86' lang='lat'><strong>.</strong></span> <span class='ocrx_word' id='word_1_96' title='bbox 505 1242 714 1312; x_wconf 87' lang='lat' dir='ltr'><strong>Miseri,</strong></span> <span class='ocrx_word' id='word_1_97' title='bbox 755 1262 888 1313; x_wconf 90' lang='lat' dir='ltr'><strong>quos</strong></span> <span class='ocrx_word' id='word_1_98' title='bbox 927 1263 1039 1299; x_wconf 90' lang='lat' dir='ltr'><strong>non</strong></span> <span class='ocrx_word' id='word_1_99' title='bbox 1080 1249 1175 1299; x_wconf 90' lang='lat' dir='ltr'><strong>aut</strong></span> <span class='ocrx_word' id='word_1_100' title='bbox 1214 1246 1435 1301; x_wconf 90' lang='lat' dir='ltr'><strong>horrida</strong></span> <span class='ocrx_word' id='word_1_101' title='bbox 1474 1247 1647 1302; x_wconf 89' lang='lat' dir='ltr'><strong>virtus</strong></span> 
     </span>
     <span class='ocr_line' id='line_1_17' title="bbox 82 1313 1608 1392; baseline 0.005 -24"><span class='ocrx_word' id='word_1_102' title='bbox 82 1313 258 1369; x_wconf 87' lang='lat' dir='ltr'><strong>Marte</strong></span> <span class='ocrx_word' id='word_1_103' title='bbox 298 1316 398 1370; x_wconf 91' lang='lat' dir='ltr'><strong>sub</strong></span> <span class='ocrx_word' id='word_1_104' title='bbox 439 1315 691 1386; x_wconf 85' lang='lat' dir='ltr'><strong>Odrysi0,</strong></span> <span class='ocrx_word' id='word_1_105' title='bbox 733 1321 826 1371; x_wconf 88' lang='lat' dir='ltr'><strong>aut</strong></span> <span class='ocrx_word' id='word_1_106' title='bbox 865 1319 1027 1372; x_wconf 91' lang='lat' dir='ltr'><strong>medii</strong></span> <span class='ocrx_word' id='word_1_107' title='bbox 1067 1320 1412 1374; x_wconf 89' lang='lat' dir='ltr'><strong>inclementia</strong></span> <span class='ocrx_word' id='word_1_108' title='bbox 1452 1323 1608 1392; x_wconf 88' lang='lat' dir='ltr'><strong>ponti</strong></span> 
     </span>
     <span class='ocr_line' id='line_1_18' title="bbox 80 1387 1610 1464; baseline 0.005 -22"><span class='ocrx_word' id='word_1_109' title='bbox 80 1387 365 1443; x_wconf 75' lang='lat' dir='ltr'><strong>Hauserit!</strong></span> <span class='ocrx_word' id='word_1_110' title='bbox 405 1389 539 1444; x_wconf 91' lang='lat' dir='ltr'><strong>Alta</strong></span> <span class='ocrx_word' id='word_1_111' title='bbox 578 1391 743 1444; x_wconf 91' lang='lat' dir='ltr'><strong>etiam</strong></span> <span class='ocrx_word' id='word_1_112' title='bbox 784 1410 1037 1461; x_wconf 90' lang='lat' dir='ltr'><strong>superum</strong></span> <span class='ocrx_word' id='word_1_113' title='bbox 1078 1394 1303 1447; x_wconf 90' lang='lat' dir='ltr'><strong>delubra</strong></span> <span class='ocrx_word' id='word_1_114' title='bbox 1342 1399 1610 1464; x_wconf 82' lang='lat' dir='ltr'><strong>vaporant</strong></span> 
     </span>
     <span class='ocr_line' id='line_1_19' title="bbox 80 1462 1779 1537; baseline 0.004 -20"><span class='ocrx_word' id='word_1_115' title='bbox 80 1462 489 1534; x_wconf 90' lang='lat' dir='ltr'><strong>Promissasque</strong></span> <span class='ocrx_word' id='word_1_116' title='bbox 520 1465 747 1519; x_wconf 88' lang='lat' dir='ltr'><strong>trahunt</strong></span> <span class='ocrx_word' id='word_1_117' title='bbox 778 1467 1030 1535; x_wconf 91' lang='lat' dir='ltr'><strong>pecudes:</strong></span> <span class='ocrx_word' id='word_1_118' title='bbox 1070 1469 1226 1537; x_wconf 85' lang='lat' dir='ltr'><strong>niger</strong></span> <span class='ocrx_word' id='word_1_119' title='bbox 1258 1469 1510 1523; x_wconf 89' lang='lat' dir='ltr'><strong>omnibus</strong></span> <span class='ocrx_word' id='word_1_120' title='bbox 1545 1470 1654 1523; x_wconf 90' lang='lat' dir='ltr'><strong>aris</strong></span> <span class='ocrx_word' id='word_1_121' title='bbox 1696 1485 1779 1525; x_wconf 78' lang='lat'>175</span> 
     </span>
     <span class='ocr_line' id='line_1_20' title="bbox 78 1535 1474 1612; baseline 0.004 -22"><span class='ocrx_word' id='word_1_122' title='bbox 78 1535 253 1608; x_wconf 82' lang='lat' dir='ltr'><strong>Ignis,</strong></span> <span class='ocrx_word' id='word_1_123' title='bbox 292 1541 347 1592; x_wconf 91' lang='lat' dir='ltr'><strong>et</strong></span> <span class='ocrx_word' id='word_1_124' title='bbox 383 1539 440 1592; x_wconf 93' lang='lat' dir='ltr'><strong>in</strong></span> <span class='ocrx_word' id='word_1_125' title='bbox 477 1539 645 1592; x_wconf 90' lang='lat' dir='ltr'><strong>nullis</strong></span> <span class='ocrx_word' id='word_1_126' title='bbox 688 1540 862 1610; x_wconf 88' lang='lat' dir='ltr'><strong>spirat</strong></span> <span class='ocrx_word' id='word_1_127' title='bbox 901 1541 1030 1594; x_wconf 89' lang='lat' dir='ltr'><strong>deus</strong></span> <span class='ocrx_word' id='word_1_128' title='bbox 1070 1542 1282 1612; x_wconf 84' lang='lat' dir='ltr'><strong>inte&#39;ger</strong></span> <span class='ocrx_word' id='word_1_129' title='bbox 1321 1544 1474 1597; x_wconf 84' lang='lat' dir='ltr'><strong>extis.</strong></span> 
     </span>
    </p>

    <p class='ocr_par' dir='ltr' id='par_1_8' title="bbox 79 1610 1313 1686">
     <span class='ocr_line' id='line_1_21' title="bbox 79 1610 1313 1686; baseline 0.004 -22"><span class='ocrx_word' id='word_1_130' title='bbox 79 1610 309 1666; x_wconf 84' lang='lat' dir='ltr'><strong>Tardius</strong></span> <span class='ocrx_word' id='word_1_131' title='bbox 348 1613 557 1667; x_wconf 91' lang='lat' dir='ltr'><strong>umenti</strong></span> <span class='ocrx_word' id='word_1_132' title='bbox 595 1618 810 1667; x_wconf 91' lang='lat' dir='ltr'><strong>noctem</strong></span> <span class='ocrx_word' id='word_1_133' title='bbox 850 1614 1043 1669; x_wconf 91' lang='lat' dir='ltr'><strong>deiecit</strong></span> <span class='ocrx_word' id='word_1_134' title='bbox 1081 1614 1313 1686; x_wconf 88' lang='lat' dir='ltr'><strong>Olympo</strong></span> 
     </span>
    </p>

    <p class='ocr_par' dir='ltr' id='par_1_9' title="bbox 78 1683 1777 1982">
     <span class='ocr_line' id='line_1_22' title="bbox 78 1683 1467 1759; baseline 0.004 -20"><span class='ocrx_word' id='word_1_135' title='bbox 78 1683 325 1757; x_wconf 90' lang='lat' dir='ltr'><strong>Iuppiter</strong></span> <span class='ocrx_word' id='word_1_136' title='bbox 363 1689 418 1740; x_wconf 88' lang='lat' dir='ltr'><strong>et</strong></span> <span class='ocrx_word' id='word_1_137' title='bbox 454 1705 668 1741; x_wconf 89' lang='lat' dir='ltr'><strong>versum</strong></span> <span class='ocrx_word' id='word_1_138' title='bbox 709 1689 854 1757; x_wconf 90' lang='lat' dir='ltr'><strong>miti,</strong></span> <span class='ocrx_word' id='word_1_139' title='bbox 893 1708 1039 1759; x_wconf 91' lang='lat' dir='ltr'><strong>reor,</strong></span> <span class='ocrx_word' id='word_1_140' title='bbox 1079 1690 1300 1743; x_wconf 88' lang='lat' dir='ltr'><strong>aethera</strong></span> <span class='ocrx_word' id='word_1_141' title='bbox 1339 1709 1467 1745; x_wconf 91' lang='lat' dir='ltr'><strong>cura</strong></span> 
     </span>
     <span class='ocr_line' id='line_1_23' title="bbox 82 1757 1598 1836; baseline 0.005 -24"><span class='ocrx_word' id='word_1_142' title='bbox 82 1757 374 1826; x_wconf 83' lang='lat' dir='ltr'><strong>Sustinuit,</strong></span> <span class='ocrx_word' id='word_1_143' title='bbox 413 1761 541 1815; x_wconf 90' lang='lat' dir='ltr'><strong>dum</strong></span> <span class='ocrx_word' id='word_1_144' title='bbox 578 1761 695 1816; x_wconf 89' lang='lat' dir='ltr'><strong>fata</strong></span> <span class='ocrx_word' id='word_1_145' title='bbox 733 1765 904 1833; x_wconf 89' lang='lat' dir='ltr'><strong>vetat,</strong></span> <span class='ocrx_word' id='word_1_146' title='bbox 943 1781 1042 1818; x_wconf 91' lang='lat' dir='ltr'><strong>nec</strong></span> <span class='ocrx_word' id='word_1_147' title='bbox 1081 1764 1299 1834; x_wconf 91' lang='lat' dir='ltr'><strong>longius</strong></span> <span class='ocrx_word' id='word_1_148' title='bbox 1339 1784 1598 1836; x_wconf 87' lang='lat' dir='ltr'><strong>umquam</strong></span> 
     </span>
     <span class='ocr_line' id='line_1_24' title="bbox 80 1831 1777 1905; baseline 0.005 -19"><span class='ocrx_word' id='word_1_149' title='bbox 80 1831 374 1887; x_wconf 82' lang='lat' dir='ltr'><strong>Cessavere</strong></span> <span class='ocrx_word' id='word_1_150' title='bbox 411 1853 582 1890; x_wconf 90' lang='lat' dir='ltr'><strong>novae</strong></span> <span class='ocrx_word' id='word_1_151' title='bbox 621 1835 862 1905; x_wconf 88' lang='lat' dir='ltr'><strong>perfecto</strong></span> <span class='ocrx_word' id='word_1_152' title='bbox 906 1839 1019 1892; x_wconf 91' lang='lat' dir='ltr'><strong>sole</strong></span> <span class='ocrx_word' id='word_1_153' title='bbox 1058 1839 1328 1892; x_wconf 89' lang='lat' dir='ltr'><strong>tenebrae.</strong></span> <span class='ocrx_word' id='word_1_154' title='bbox 1692 1855 1777 1895; x_wconf 82' lang='lat'>180</span> 
     </span>
     <span class='ocr_line' id='line_1_25' title="bbox 83 1904 1479 1982; baseline 0.005 -22"><span class='ocrx_word' id='word_1_155' title='bbox 83 1904 216 1961; x_wconf 82' lang='lat' dir='ltr'><strong>Sera</strong></span> <span class='ocrx_word' id='word_1_156' title='bbox 252 1909 439 1962; x_wconf 89' lang='lat' dir='ltr'><strong>tamen</strong></span> <span class='ocrx_word' id='word_1_157' title='bbox 478 1910 678 1963; x_wconf 90' lang='lat' dir='ltr'><strong>mundo</strong></span> <span class='ocrx_word' id='word_1_158' title='bbox 717 1915 983 1965; x_wconf 90' lang='lat' dir='ltr'><strong>venerunt</strong></span> <span class='ocrx_word' id='word_1_159' title='bbox 1023 1916 1192 1982; x_wconf 90' lang='lat' dir='ltr'><strong>astra,</strong></span> <span class='ocrx_word' id='word_1_160' title='bbox 1233 1913 1326 1966; x_wconf 89' lang='lat' dir='ltr'><strong>sed</strong></span> <span class='ocrx_word' id='word_1_161' title='bbox 1366 1913 1479 1967; x_wconf 90' lang='lat' dir='ltr'><strong>illis</strong></span> 
     </span>
    </p>

    <p class='ocr_par' dir='ltr' id='par_1_10' title="bbox 78 1979 1777 2426">
     <span class='ocr_line' id='line_1_26' title="bbox 78 1979 1678 2057; baseline 0.006 -24"><span class='ocrx_word' id='word_1_162' title='bbox 78 1979 156 2034; x_wconf 86' lang='lat' dir='ltr'><strong>Et</strong></span> <span class='ocrx_word' id='word_1_163' title='bbox 193 1979 362 2035; x_wconf 91' lang='lat' dir='ltr'><strong>Paros</strong></span> <span class='ocrx_word' id='word_1_164' title='bbox 403 1985 457 2035; x_wconf 88' lang='lat' dir='ltr'><strong>et</strong></span> <span class='ocrx_word' id='word_1_165' title='bbox 493 2000 782 2048; x_wconf 84' lang='lat' dir='ltr'><strong>nemorosa</strong></span> <span class='ocrx_word' id='word_1_166' title='bbox 819 1985 1028 2039; x_wconf 86' lang='lat' dir='ltr'><strong>Thasos</strong></span> <span class='ocrx_word' id='word_1_167' title='bbox 1068 1987 1394 2057; x_wconf 91' lang='lat' dir='ltr'><strong>crebraeque</strong></span> <span class='ocrx_word' id='word_1_168' title='bbox 1432 1989 1678 2042; x_wconf 88' lang='lat' dir='ltr'><strong>relucent</strong></span> 
     </span>
     <span class='ocr_line' id='line_1_27' title="bbox 81 2052 1559 2128; baseline 0.005 -19"><span class='ocrx_word' id='word_1_169' title='bbox 81 2052 364 2125; x_wconf 80' lang='lat' dir='ltr'><strong>Cyclades3</strong></span> <span class='ocrx_word' id='word_1_170' title='bbox 402 2074 511 2110; x_wconf 90' lang='lat' dir='ltr'><strong>una</strong></span> <span class='ocrx_word' id='word_1_171' title='bbox 550 2058 705 2128; x_wconf 87' lang='lat' dir='ltr'><strong>gravi</strong></span> <span class='ocrx_word' id='word_1_172' title='bbox 743 2059 958 2128; x_wconf 88' lang='lat' dir='ltr'><strong>penitus</strong></span> <span class='ocrx_word' id='word_1_173' title='bbox 997 2059 1158 2113; x_wconf 90' lang='lat' dir='ltr'><strong>latet·</strong></span> <span class='ocrx_word' id='word_1_174' title='bbox 1175 2062 1372 2114; x_wconf 91' lang='lat' dir='ltr'><strong>obruta</strong></span> <span class='ocrx_word' id='word_1_175' title='bbox 1410 2063 1559 2116; x_wconf 91' lang='lat' dir='ltr'><strong>caelo</strong></span> 
     </span>
     <span class='ocr_line' id='line_1_28' title="bbox 78 2128 1777 2206; baseline 0.005 -24"><span class='ocrx_word' id='word_1_176' title='bbox 78 2128 336 2195; x_wconf 79' lang='lat' dir='ltr'><strong>LemnOS,</strong></span> <span class='ocrx_word' id='word_1_177' title='bbox 368 2130 427 2183; x_wconf 93' lang='lat' dir='ltr'><strong>in</strong></span> <span class='ocrx_word' id='word_1_178' title='bbox 449 2131 590 2184; x_wconf 88' lang='lat' dir='ltr'><strong>hanc</strong></span> <span class='ocrx_word' id='word_1_179' title='bbox 614 2131 798 2185; x_wconf 85' lang='lat' dir='ltr'><strong>tristes</strong></span> <span class='ocrx_word' id='word_1_180' title='bbox 821 2132 1069 2203; x_wconf 89' lang='lat' dir='ltr'><strong>nebulae,</strong></span> <span class='ocrx_word' id='word_1_181' title='bbox 1098 2137 1152 2187; x_wconf 90' lang='lat' dir='ltr'><strong>et</strong></span> <span class='ocrx_word' id='word_1_182' title='bbox 1175 2135 1342 2205; x_wconf 86' lang='lat' dir='ltr'><strong>plaga</strong></span> <span class='ocrx_word' id='word_1_183' title='bbox 1365 2153 1523 2189; x_wconf 89' lang='lat' dir='ltr'><strong>caeca</strong></span> <span class='ocrx_word' id='word_1_184' title='bbox 1549 2154 1777 2206; x_wconf 87' lang='lat' dir='ltr'><strong>superne</strong></span> 
     </span>
     <span class='ocr_line' id='line_1_29' title="bbox 80 2202 1776 2278; baseline 0.005 -22"><span class='ocrx_word' id='word_1_185' title='bbox 80 2202 325 2270; x_wconf 82' lang='lat' dir='ltr'><strong>Texitur,</strong></span> <span class='ocrx_word' id='word_1_186' title='bbox 364 2223 471 2258; x_wconf 91' lang='lat' dir='ltr'><strong>una</strong></span> <span class='ocrx_word' id='word_1_187' title='bbox 509 2205 666 2275; x_wconf 85' lang='lat' dir='ltr'><strong>vagis</strong></span> <span class='ocrx_word' id='word_1_188' title='bbox 706 2205 939 2260; x_wconf 89' lang='lat' dir='ltr'><strong>Lemnos</strong></span> <span class='ocrx_word' id='word_1_189' title='bbox 978 2225 1089 2261; x_wconf 91' lang='lat' dir='ltr'><strong>non</strong></span> <span class='ocrx_word' id='word_1_190' title='bbox 1128 2208 1316 2278; x_wconf 86' lang='lat' dir='ltr'><strong>agnita</strong></span> <span class='ocrx_word' id='word_1_191' title='bbox 1354 2210 1551 2263; x_wconf 89' lang='lat' dir='ltr'><strong>nautis.</strong></span> <span class='ocrx_word' id='word_1_192' title='bbox 1692 2225 1776 2264; x_wconf 85' lang='lat'>185</span> 
     </span>
     <span class='ocr_line' id='line_1_30' title="bbox 78 2275 1711 2351; baseline 0.004 -21"><span class='ocrx_word' id='word_1_193' title='bbox 78 2275 198 2331; x_wconf 89' lang='lat' dir='ltr'><strong>Iam</strong></span> <span class='ocrx_word' id='word_1_194' title='bbox 237 2277 486 2332; x_wconf 89' lang='lat' dir='ltr'><strong>domibus</strong></span> <span class='ocrx_word' id='word_1_195' title='bbox 525 2278 632 2332; x_wconf 90' lang='lat' dir='ltr'><strong>fusi</strong></span> <span class='ocrx_word' id='word_1_196' title='bbox 672 2282 727 2332; x_wconf 93' lang='lat' dir='ltr'><strong>et</strong></span> <span class='ocrx_word' id='word_1_197' title='bbox 764 2276 1184 2350; x_wconf 73' lang='lat' dir='ltr'><strong>nemorum’per</strong></span> <span class='ocrx_word' id='word_1_198' title='bbox 1221 2300 1393 2351; x_wconf 89' lang='lat' dir='ltr'><strong>opaca</strong></span> <span class='ocrx_word' id='word_1_199' title='bbox 1434 2301 1711 2337; x_wconf 89' lang='lat' dir='ltr'><strong>sacrorum</strong></span> 
     </span>
     <span class='ocr_line' id='line_1_31' title="bbox 78 2349 1520 2426; baseline 0.005 -22"><span class='ocrx_word' id='word_1_200' title='bbox 78 2349 299 2406; x_wconf 92' lang='lat' dir='ltr'><strong>Ditibus</strong></span> <span class='ocrx_word' id='word_1_201' title='bbox 339 2353 624 2423; x_wconf 89' lang='lat' dir='ltr'><strong>indulgent</strong></span> <span class='ocrx_word' id='word_1_202' title='bbox 663 2354 836 2423; x_wconf 86' lang='lat' dir='ltr'><strong>epulis</strong></span> <span class='ocrx_word' id='word_1_203' title='bbox 876 2359 1213 2425; x_wconf 86' lang='lat' dir='ltr'><strong>vacuantque</strong></span> <span class='ocrx_word' id='word_1_204' title='bbox 1252 2357 1520 2426; x_wconf 89' lang='lat' dir='ltr'><strong>profundo</strong></span> 
     </span>
    </p>

    <p class='ocr_par' dir='ltr' id='par_1_11' title="bbox 26 2423 1778 2650">
     <span class='ocr_line' id='line_1_32' title="bbox 79 2423 1778 2503; baseline 0.005 -25"><span class='ocrx_word' id='word_1_205' title='bbox 79 2423 290 2479; x_wconf 89' lang='lat' dir='ltr'><strong>Aurum</strong></span> <span class='ocrx_word' id='word_1_206' title='bbox 321 2426 556 2480; x_wconf 88' lang='lat' dir='ltr'><strong>immane</strong></span> <span class='ocrx_word' id='word_1_207' title='bbox 589 2445 752 2497; x_wconf 89' lang='lat' dir='ltr'><strong>mer0,</strong></span> <span class='ocrx_word' id='word_1_208' title='bbox 785 2428 912 2482; x_wconf 90' lang='lat' dir='ltr'><strong>dum</strong></span> <span class='ocrx_word' id='word_1_209' title='bbox 945 2448 1080 2500; x_wconf 91' lang='lat' dir='ltr'><strong>quae</strong></span> <span class='ocrx_word' id='word_1_210' title='bbox 1104 2448 1202 2499; x_wconf 91' lang='lat' dir='ltr'><strong>per</strong></span> <span class='ocrx_word' id='word_1_211' title='bbox 1227 2428 1523 2500; x_wconf 85' lang='lat' dir='ltr'><strong>Strymona</strong></span> <span class='ocrx_word' id='word_1_212' title='bbox 1546 2450 1778 2503; x_wconf 86' lang='lat' dir='ltr'><strong>pugnae,</strong></span> 
     </span>
     <span class='ocr_line' id='line_1_33' title="bbox 81 2497 1625 2577; baseline 0.005 -25"><span class='ocrx_word' id='word_1_213' title='bbox 81 2497 214 2562; x_wconf 82' lang='lat' dir='ltr'><strong>Quis</strong></span> <span class='ocrx_word' id='word_1_214' title='bbox 253 2499 515 2570; x_wconf 86' lang='lat' dir='ltr'><strong>Rhodope</strong></span> <span class='ocrx_word' id='word_1_215' title='bbox 555 2501 799 2572; x_wconf 88' lang='lat' dir='ltr'><strong>gelidove</strong></span> <span class='ocrx_word' id='word_1_216' title='bbox 839 2503 996 2557; x_wconf 93' lang='lat' dir='ltr'><strong>labor</strong></span> <span class='ocrx_word' id='word_1_217' title='bbox 1036 2505 1260 2557; x_wconf 86' lang='lat' dir='ltr'><strong>sudatus</strong></span> <span class='ocrx_word' id='word_1_218' title='bbox 1293 2505 1351 2558; x_wconf 92' lang='lat' dir='ltr'><strong>in</strong></span> <span class='ocrx_word' id='word_1_219' title='bbox 1388 2505 1625 2577; x_wconf 89' lang='lat' dir='ltr'><strong>Haemo,</strong></span> 
     </span>
     <span class='ocr_line' id='line_1_34' title="bbox 78 2569 1778 2650; baseline 0.005 -23.733"><span class='ocrx_word' id='word_1_220' title='bbox 78 2569 412 2629; x_wconf 81' lang='lat' dir='ltr'><strong>Enumerare</strong></span> <span class='ocrx_word' id='word_1_221' title='bbox 443 2577 616 2629; x_wconf 87' lang='lat' dir='ltr'><strong>vacat.</strong></span> <span class='ocrx_word' id='word_1_222' title='bbox 676 2575 791 2631; x_wconf 89' lang='lat' dir='ltr'><strong>Nec</strong></span> <span class='ocrx_word' id='word_1_223' title='bbox 821 2595 953 2647; x_wconf 91' lang='lat' dir='ltr'><strong>non,</strong></span> <span class='ocrx_word' id='word_1_224' title='bbox 992 2597 1184 2631; x_wconf 90' lang='lat' dir='ltr'><strong>manus</strong></span> <span class='ocrx_word' id='word_1_225' title='bbox 1217 2579 1407 2649; x_wconf 87' lang='lat' dir='ltr'><strong>impia,</strong></span> <span class='ocrx_word' id='word_1_226' title='bbox 1445 2583 1649 2650; x_wconf 89' lang='lat' dir='ltr'><strong>nuptae</strong></span> <span class='ocrx_word' id='word_1_227' title='bbox 1692 2595 1778 2635; x_wconf 87' lang='lat'>190</span> 
     </span>
    </p>
   </div>
   <div class='ocr_carea' id='block_1_4' title="bbox 79 2669 435 2679">
    <p class='ocr_par' dir='ltr' id='par_1_12' title="bbox 79 2669 435 2679">
     <span class='ocr_line' id='line_1_35' title="bbox 79 2669 435 2679; baseline 0 415"><span class='ocrx_word' id='word_1_228' title='bbox 79 2669 435 2679; x_wconf 95' lang='lat' dir='ltr'><strong> </strong></span> 
     </span>
    </p>
   </div>
   <div class='ocr_carea' id='block_1_5' title="bbox 81 2705 1779 2940">
    <p class='ocr_par' dir='ltr' id='par_1_13' title="bbox 81 2705 1779 2940">
     <span class='ocr_line' id='line_1_36' title="bbox 198 2705 1779 2767; baseline 0.003 -18"><span class='ocrx_word' id='word_1_229' title='bbox 198 2710 284 2750; x_wconf 78' lang='grc'><strong>159</strong></span> <span class='ocrx_word' id='word_1_230' title='bbox 309 2705 528 2763; x_wconf 88' lang='lat' dir='ltr'><strong>caropeia</strong></span> <span class='ocrx_word' id='word_1_231' title='bbox 551 2707 675 2764; x_wconf 68' lang='lat' dir='ltr'><strong>Pul}</strong></span> <span class='ocrx_word' id='word_1_232' title='bbox 705 2711 785 2752; x_wconf 88' lang='grc'><strong>161</strong></span> <span class='ocrx_word' id='word_1_233' title='bbox 820 2708 1056 2766; x_wconf 84' lang='lat' dir='ltr'><strong>congestis</strong></span> <span class='ocrx_word' id='word_1_234' title='bbox 1090 2711 1190 2767; x_wconf 84' lang='lat' dir='ltr'><strong>(om.</strong></span> <span class='ocrx_word' id='word_1_235' title='bbox 1225 2713 1333 2765; x_wconf 88' lang='lat' dir='ltr'><strong>que)</strong></span> <span class='ocrx_word' id='word_1_236' title='bbox 1367 2711 1405 2755; x_wconf 75' lang='grc' dir='ltr'><em>δ</em></span> <span class='ocrx_word' id='word_1_237' title='bbox 1427 2713 1443 2767; x_wconf 85' lang='grc' dir='ltr'><strong>ΙΙ</strong></span> <span class='ocrx_word' id='word_1_238' title='bbox 1467 2715 1552 2756; x_wconf 88' lang='grc'><strong>166</strong></span> <span class='ocrx_word' id='word_1_239' title='bbox 1585 2712 1779 2767; x_wconf 86' lang='lat' dir='ltr'><strong>pectora</strong></span> 
     </span>
     <span class='ocr_line' id='line_1_37' title="bbox 81 2764 1779 2824; baseline 0.005 -16"><span class='ocrx_word' id='word_1_240' title='bbox 81 2766 116 2807; x_wconf 67' lang='grc' dir='ltr'><strong>Ρ</strong></span> <span class='ocrx_word' id='word_1_241' title='bbox 149 2764 167 2822; x_wconf 83' lang='grc' dir='ltr'><strong>ΙΙ</strong></span> <span class='ocrx_word' id='word_1_242' title='bbox 206 2768 290 2810; x_wconf 86' lang='grc'><strong>169</strong></span> <span class='ocrx_word' id='word_1_243' title='bbox 329 2765 472 2810; x_wconf 90' lang='lat' dir='ltr'><strong>audet</strong></span> <span class='ocrx_word' id='word_1_244' title='bbox 501 2770 534 2809; x_wconf 86' lang='lat' dir='ltr'>P</span> <span class='ocrx_word' id='word_1_245' title='bbox 572 2767 588 2822; x_wconf 85' lang='grc' dir='ltr'><strong>ΙΙ</strong></span> <span class='ocrx_word' id='word_1_246' title='bbox 628 2771 712 2811; x_wconf 80' lang='lat'>179</span> <span class='ocrx_word' id='word_1_247' title='bbox 759 2767 923 2811; x_wconf 87' lang='lat' dir='ltr'><strong>vetant</strong></span> <span class='ocrx_word' id='word_1_248' title='bbox 969 2770 1096 2813; x_wconf 82' lang='lat' dir='ltr'><strong>codd.</strong></span> <span class='ocrx_word' id='word_1_249' title='bbox 1146 2770 1260 2824; x_wconf 65' lang='lat' dir='ltr'><strong>edd„</strong></span> <span class='ocrx_word' id='word_1_250' title='bbox 1308 2782 1423 2814; x_wconf 77' lang='lat' dir='ltr'><strong>corr.</strong></span> <span class='ocrx_word' id='word_1_251' title='bbox 1467 2770 1779 2816; x_wconf 76' lang='lat' dir='ltr'><strong>Baehrensius</strong></span> 
     </span>
     <span class='ocr_line' id='line_1_38' title="bbox 81 2820 1779 2886; baseline 0.004 -20"><span class='ocrx_word' id='word_1_252' title='bbox 81 2820 258 2871; x_wconf 79' lang='lat' dir='ltr'><strong>dabant</strong></span> <span class='ocrx_word' id='word_1_253' title='bbox 280 2823 582 2883; x_wconf 64' lang='lat' dir='ltr'><strong>Madviyiusll</strong></span> <span class='ocrx_word' id='word_1_254' title='bbox 601 2830 684 2870; x_wconf 85' lang='lat'>182</span> <span class='ocrx_word' id='word_1_255' title='bbox 708 2839 848 2882; x_wconf 87' lang='lat' dir='ltr'><strong>paros</strong></span> <span class='ocrx_word' id='word_1_256' title='bbox 875 2831 908 2870; x_wconf 82' lang='lat' dir='ltr'>P</span> <span class='ocrx_word' id='word_1_257' title='bbox 926 2826 1125 2873; x_wconf 73' lang='lat' dir='ltr'><strong>Gronov.</strong></span> <span class='ocrx_word' id='word_1_258' title='bbox 1157 2828 1340 2884; x_wconf 87' lang='lat' dir='ltr'><strong>paphos</strong></span> <span class='ocrx_word' id='word_1_259' title='bbox 1364 2828 1520 2871; x_wconf 51' lang='grc' dir='ltr'><strong>Βᾶθι</strong></span> <span class='ocrx_word' id='word_1_260' title='bbox 1551 2828 1724 2886; x_wconf 90' lang='lat' dir='ltr'><strong>pharos</strong></span> <span class='ocrx_word' id='word_1_261' title='bbox 1743 2834 1779 2872; x_wconf 78' lang='lat' dir='ltr'>G</span> 
     </span>
     <span class='ocr_line' id='line_1_39' title="bbox 81 2877 932 2940; baseline 0.006 -16"><span class='ocrx_word' id='word_1_262' title='bbox 81 2877 244 2926; x_wconf 79' lang='lat' dir='ltr'><strong>Samos</strong></span> <span class='ocrx_word' id='word_1_263' title='bbox 275 2883 502 2929; x_wconf 63' lang='lat' dir='ltr'><strong>Bao-thius</strong></span> <span class='ocrx_word' id='word_1_264' title='bbox 524 2886 540 2940; x_wconf 87' lang='grc' dir='ltr'><strong>ΙΙ</strong></span> <span class='ocrx_word' id='word_1_265' title='bbox 566 2888 648 2928; x_wconf 83' lang='grc'><strong>185</strong></span> <span class='ocrx_word' id='word_1_266' title='bbox 680 2883 870 2929; x_wconf 88' lang='lat' dir='ltr'><strong>lemnon</strong></span> <span class='ocrx_word' id='word_1_267' title='bbox 899 2891 932 2929; x_wconf 76' lang='grc' dir='ltr'><strong>Ρ</strong></span> 
     </span>
    </p>
   </div>
  </div>
 </body>
</html>
