<?xml version="1.0" encoding="UTF-8"?>
<!DOCTYPE html PUBLIC "-//W3C//DTD XHTML 1.0 Transitional//EN"
    "http://www.w3.org/TR/xhtml1/DTD/xhtml1-transitional.dtd">
<html xmlns="http://www.w3.org/1999/xhtml" xml:lang="en" lang="en">
 <head>
  <title>
</title>
<meta http-equiv="Content-Type" content="text/html;charset=utf-8" />
  <meta name='ocr-system' content='tesseract 3.04.00' />
  <meta name='ocr-capabilities' content='ocr_page ocr_carea ocr_par ocr_line ocrx_word'/>
</head>
<body>
  <div class='ocr_page' id='page_1' title='image "./operapapinius12statuoft_0198.png"; bbox 0 0 2020 3106; ppageno 0'>
   <div class='ocr_carea' id='block_1_1' title="bbox 137 121 1333 171">
    <p class='ocr_par' dir='ltr' id='par_1_1' title="bbox 137 121 1333 171">
     <span class='ocr_line' id='line_1_1' title="bbox 137 121 1333 171; baseline -0.002 -1"><span class='ocrx_word' id='word_1_1' title='bbox 137 124 224 171; x_wconf 88' lang='lat' dir='ltr'>XII</span> <span class='ocrx_word' id='word_1_2' title='bbox 655 122 939 168; x_wconf 84' lang='lat' dir='ltr'>EDITORIS</span> <span class='ocrx_word' id='word_1_3' title='bbox 970 121 1333 168; x_wconf 82' lang='lat' dir='ltr'>PRAEFATIO.</span> 
     </span>
    </p>
   </div>
   <div class='ocr_carea' id='block_1_2' title="bbox 131 243 1842 2898">
    <p class='ocr_par' dir='ltr' id='par_1_2' title="bbox 131 243 1841 2898">
     <span class='ocr_line' id='line_1_2' title="bbox 138 243 1838 314; baseline 0.001 -15"><span class='ocrx_word' id='word_1_4' title='bbox 138 245 193 298; x_wconf 95' lang='lat' dir='ltr'>II</span> <span class='ocrx_word' id='word_1_5' title='bbox 221 246 343 299; x_wconf 84' lang='lat'>167.</span> <span class='ocrx_word' id='word_1_6' title='bbox 393 245 700 298; x_wconf 89' lang='lat' dir='ltr'>Librarium</span> <span class='ocrx_word' id='word_1_7' title='bbox 740 244 1003 298; x_wconf 90' lang='lat' dir='ltr'>sermonis</span> <span class='ocrx_word' id='word_1_8' title='bbox 1033 243 1190 297; x_wconf 89' lang='lat' dir='ltr'>latini</span> <span class='ocrx_word' id='word_1_9' title='bbox 1228 244 1363 297; x_wconf 86' lang='lat' dir='ltr'>satis</span> <span class='ocrx_word' id='word_1_10' title='bbox 1393 244 1648 314; x_wconf 88' lang='lat' dir='ltr'>ignarum</span> <span class='ocrx_word' id='word_1_11' title='bbox 1671 245 1838 301; x_wconf 87' lang='lat' dir='ltr'>fuisse</span> 
     </span>
     <span class='ocr_line' id='line_1_3' title="bbox 138 318 1838 391; baseline 0.002 -19"><span class='ocrx_word' id='word_1_12' title='bbox 138 338 299 373; x_wconf 91' lang='lat' dir='ltr'>nemo</span> <span class='ocrx_word' id='word_1_13' title='bbox 362 321 464 372; x_wconf 89' lang='lat' dir='ltr'>erit</span> <span class='ocrx_word' id='word_1_14' title='bbox 521 319 650 388; x_wconf 91' lang='lat' dir='ltr'>quin</span> <span class='ocrx_word' id='word_1_15' title='bbox 718 318 1022 388; x_wconf 82' lang='lat' dir='ltr'>intellegat:</span> <span class='ocrx_word' id='word_1_16' title='bbox 1091 318 1338 388; x_wconf 86' lang='lat' dir='ltr'>quamvis</span> <span class='ocrx_word' id='word_1_17' title='bbox 1401 321 1611 373; x_wconf 88' lang='lat' dir='ltr'>scateat</span> <span class='ocrx_word' id='word_1_18' title='bbox 1670 321 1838 391; x_wconf 84' lang='lat' dir='ltr'>igitur</span> 
     </span>
     <span class='ocr_line' id='line_1_4' title="bbox 140 392 1840 463; baseline 0.001 -17"><span class='ocrx_word' id='word_1_19' title='bbox 140 394 307 447; x_wconf 84' lang='lat' dir='ltr'><strong>codex</strong></span> <span class='ocrx_word' id='word_1_20' title='bbox 352 394 498 448; x_wconf 80' lang='lat' dir='ltr'>vitiis</span> <span class='ocrx_word' id='word_1_21' title='bbox 555 392 731 447; x_wconf 90' lang='lat' dir='ltr'>omnis</span> <span class='ocrx_word' id='word_1_22' title='bbox 787 392 1022 463; x_wconf 88' lang='lat' dir='ltr'>generis,</span> <span class='ocrx_word' id='word_1_23' title='bbox 1075 395 1264 446; x_wconf 86' lang='lat' dir='ltr'>tamen</span> <span class='ocrx_word' id='word_1_24' title='bbox 1315 392 1666 447; x_wconf 83' lang='lat' dir='ltr'>inveniuntur</span> <span class='ocrx_word' id='word_1_25' title='bbox 1719 396 1840 463; x_wconf 89' lang='lat' dir='ltr'>loci,</span> 
     </span>
     <span class='ocr_line' id='line_1_5' title="bbox 140 465 1839 538; baseline 0.001 -17"><span class='ocrx_word' id='word_1_26' title='bbox 140 468 336 538; x_wconf 90' lang='lat' dir='ltr'>quibus</span> <span class='ocrx_word' id='word_1_27' title='bbox 378 469 523 521; x_wconf 90' lang='lat' dir='ltr'>solus</span> <span class='ocrx_word' id='word_1_28' title='bbox 572 486 694 520; x_wconf 92' lang='lat' dir='ltr'>cum</span> <span class='ocrx_word' id='word_1_29' title='bbox 735 475 780 520; x_wconf 89' lang='lat' dir='ltr'>P</span> <span class='ocrx_word' id='word_1_30' title='bbox 827 467 1116 536; x_wconf 73' lang='lat' dir='ltr'>conspiret.</span> <span class='ocrx_word' id='word_1_31' title='bbox 1198 465 1415 520; x_wconf 79' lang='lat' dir='ltr'>Plenius</span> <span class='ocrx_word' id='word_1_32' title='bbox 1464 467 1529 520; x_wconf 90' lang='lat' dir='ltr'>de</span> <span class='ocrx_word' id='word_1_33' title='bbox 1575 468 1678 522; x_wconf 92' lang='grc'><strong>1100</strong></span> <span class='ocrx_word' id='word_1_34' title='bbox 1724 470 1839 523; x_wconf 91' lang='lat' dir='ltr'>cod.</span> 
     </span>
     <span class='ocr_line' id='line_1_6' title="bbox 140 539 1837 614; baseline 0.002 -20"><span class='ocrx_word' id='word_1_35' title='bbox 140 542 442 610; x_wconf 85' lang='lat' dir='ltr'>disputavit</span> <span class='ocrx_word' id='word_1_36' title='bbox 478 541 632 595; x_wconf 92' lang='lat' dir='ltr'>Aem.</span> <span class='ocrx_word' id='word_1_37' title='bbox 671 540 949 610; x_wconf 76' lang='lat' dir='ltr'>GrossiUS,</span> <span class='ocrx_word' id='word_1_38' title='bbox 993 558 1176 612; x_wconf 85' lang='lat' dir='ltr'><strong>progr.</strong></span> <span class='ocrx_word' id='word_1_39' title='bbox 1216 539 1352 595; x_wconf 85' lang='lat' dir='ltr'>Ooll.</span> <span class='ocrx_word' id='word_1_40' title='bbox 1390 540 1590 595; x_wconf 88' lang='lat' dir='ltr'>Frider.</span> <span class='ocrx_word' id='word_1_41' title='bbox 1628 542 1837 614; x_wconf 85' lang='lat' dir='ltr'>Regim.</span> 
     </span>
     <span class='ocr_line' id='line_1_7' title="bbox 143 615 1838 688; baseline 0.001 -19"><span class='ocrx_word' id='word_1_42' title='bbox 143 617 309 681; x_wconf 85' lang='lat'>1866,</span> <span class='ocrx_word' id='word_1_43' title='bbox 362 616 454 685; x_wconf 92' lang='lat' dir='ltr'>qui</span> <span class='ocrx_word' id='word_1_44' title='bbox 505 635 627 669; x_wconf 93' lang='lat' dir='ltr'>cum</span> <span class='ocrx_word' id='word_1_45' title='bbox 678 619 734 668; x_wconf 88' lang='lat' dir='ltr'>et</span> <span class='ocrx_word' id='word_1_46' title='bbox 782 616 1145 669; x_wconf 89' lang='lat' dir='ltr'>conlationem</span> <span class='ocrx_word' id='word_1_47' title='bbox 1194 615 1398 685; x_wconf 83' lang='lat' dir='ltr'>publici</span> <span class='ocrx_word' id='word_1_48' title='bbox 1447 615 1580 669; x_wconf 91' lang='lat' dir='ltr'>iuris</span> <span class='ocrx_word' id='word_1_49' title='bbox 1633 617 1838 688; x_wconf 87' lang='lat' dir='ltr'>fecerit,</span> 
     </span>
     <span class='ocr_line' id='line_1_8' title="bbox 139 690 1841 762; baseline 0.002 -19"><span class='ocrx_word' id='word_1_50' title='bbox 139 709 303 759; x_wconf 87' lang='lat' dir='ltr'>quam</span> <span class='ocrx_word' id='word_1_51' title='bbox 350 691 419 743; x_wconf 89' lang='lat' dir='ltr'>ab</span> <span class='ocrx_word' id='word_1_52' title='bbox 466 691 640 743; x_wconf 89' lang='lat' dir='ltr'>amico</span> <span class='ocrx_word' id='word_1_53' title='bbox 686 690 889 743; x_wconf 87' lang='lat' dir='ltr'>factam</span> <span class='ocrx_word' id='word_1_54' title='bbox 936 690 1201 743; x_wconf 89' lang='lat' dir='ltr'>Krausius</span> <span class='ocrx_word' id='word_1_55' title='bbox 1253 690 1302 742; x_wconf 91' lang='lat' dir='ltr'>ei</span> <span class='ocrx_word' id='word_1_56' title='bbox 1339 691 1738 762; x_wconf 75' lang='lat' dir='ltr'>transmiserat,</span> <span class='ocrx_word' id='word_1_57' title='bbox 1785 698 1841 746; x_wconf 89' lang='lat' dir='ltr'>et</span> 
     </span>
     <span class='ocr_line' id='line_1_9' title="bbox 138 763 1839 834; baseline 0.002 -17"><span class='ocrx_word' id='word_1_58' title='bbox 138 763 397 818; x_wconf 85' lang='lat' dir='ltr'>lectiones</span> <span class='ocrx_word' id='word_1_59' title='bbox 453 783 518 817; x_wconf 88' lang='lat' dir='ltr'>ex</span> <span class='ocrx_word' id='word_1_60' title='bbox 563 775 588 817; x_wconf 83' lang='lat' dir='ltr'>t</span> <span class='ocrx_word' id='word_1_61' title='bbox 643 765 872 834; x_wconf 89' lang='lat' dir='ltr'>aliisque</span> <span class='ocrx_word' id='word_1_62' title='bbox 932 765 1082 819; x_wconf 89' lang='lat' dir='ltr'>codd.</span> <span class='ocrx_word' id='word_1_63' title='bbox 1142 764 1338 816; x_wconf 88' lang='lat' dir='ltr'>allatas</span> <span class='ocrx_word' id='word_1_64' title='bbox 1387 764 1532 818; x_wconf 89' lang='lat' dir='ltr'>inter</span> <span class='ocrx_word' id='word_1_65' title='bbox 1581 783 1638 819; x_wconf 89' lang='lat' dir='ltr'>se</span> <span class='ocrx_word' id='word_1_66' title='bbox 1693 785 1839 821; x_wconf 91' lang='lat' dir='ltr'>com-</span> 
     </span>
     <span class='ocr_line' id='line_1_10' title="bbox 138 838 1840 909; baseline 0.002 -18"><span class='ocrx_word' id='word_1_67' title='bbox 138 840 432 908; x_wconf 85' lang='lat' dir='ltr'>paraverit,</span> <span class='ocrx_word' id='word_1_68' title='bbox 471 839 627 892; x_wconf 86' lang='lat' dir='ltr'>valde</span> <span class='ocrx_word' id='word_1_69' title='bbox 659 839 951 892; x_wconf 86' lang='lat' dir='ltr'>dolendum</span> <span class='ocrx_word' id='word_1_70' title='bbox 977 842 1080 908; x_wconf 89' lang='lat' dir='ltr'>est,</span> <span class='ocrx_word' id='word_1_71' title='bbox 1120 838 1263 908; x_wconf 88' lang='lat' dir='ltr'>quod</span> <span class='ocrx_word' id='word_1_72' title='bbox 1301 838 1360 891; x_wconf 95' lang='lat' dir='ltr'>in</span> <span class='ocrx_word' id='word_1_73' title='bbox 1385 839 1556 892; x_wconf 83' lang='lat' dir='ltr'>altera</span> <span class='ocrx_word' id='word_1_74' title='bbox 1594 842 1840 909; x_wconf 77' lang='lat' dir='ltr'>opusculi</span> 
     </span>
     <span class='ocr_line' id='line_1_11' title="bbox 138 910 1841 984; baseline 0.002 -19"><span class='ocrx_word' id='word_1_75' title='bbox 138 915 294 982; x_wconf 89' lang='lat' dir='ltr'>parte</span> <span class='ocrx_word' id='word_1_76' title='bbox 334 910 409 984; x_wconf 90' lang='lat' dir='ltr'>(p.</span> <span class='ocrx_word' id='word_1_77' title='bbox 446 915 514 967; x_wconf 94' lang='grc'>12</span> <span class='ocrx_word' id='word_1_78' title='bbox 548 913 688 984; x_wconf 85' lang='lat' dir='ltr'>sqq.)</span> <span class='ocrx_word' id='word_1_79' title='bbox 726 913 886 982; x_wconf 89' lang='lat' dir='ltr'>plura</span> <span class='ocrx_word' id='word_1_80' title='bbox 925 932 1087 984; x_wconf 87' lang='lat' dir='ltr'>quam</span> <span class='ocrx_word' id='word_1_81' title='bbox 1127 931 1228 982; x_wconf 87' lang='lat' dir='ltr'>par</span> <span class='ocrx_word' id='word_1_82' title='bbox 1266 915 1350 966; x_wconf 89' lang='lat' dir='ltr'>est</span> <span class='ocrx_word' id='word_1_83' title='bbox 1388 913 1524 966; x_wconf 86' lang='lat' dir='ltr'>vitia</span> <span class='ocrx_word' id='word_1_84' title='bbox 1562 914 1841 969; x_wconf 86' lang='lat' dir='ltr'>inveniun-</span> 
     </span>
     <span class='ocr_line' id='line_1_12' title="bbox 137 986 1839 1059; baseline 0.002 -20"><span class='ocrx_word' id='word_1_85' title='bbox 137 990 243 1040; x_wconf 86' lang='lat' dir='ltr'>tur.</span> <span class='ocrx_word' id='word_1_86' title='bbox 316 988 538 1041; x_wconf 89' lang='lat' dir='ltr'>Arctius</span> <span class='ocrx_word' id='word_1_87' title='bbox 576 998 602 1040; x_wconf 82' lang='lat' dir='ltr'>t</span> <span class='ocrx_word' id='word_1_88' title='bbox 642 988 959 1042; x_wconf 89' lang='lat' dir='ltr'>coniunctus</span> <span class='ocrx_word' id='word_1_89' title='bbox 1000 1005 1118 1041; x_wconf 91' lang='lat' dir='ltr'>esse</span> <span class='ocrx_word' id='word_1_90' title='bbox 1157 986 1370 1040; x_wconf 87' lang='lat' dir='ltr'>videtur</span> <span class='ocrx_word' id='word_1_91' title='bbox 1407 1005 1531 1041; x_wconf 93' lang='lat' dir='ltr'>cum</span> <span class='ocrx_word' id='word_1_92' title='bbox 1568 1007 1629 1059; x_wconf 88' lang='lat' dir='ltr'>p,</span> <span class='ocrx_word' id='word_1_93' title='bbox 1681 1008 1839 1059; x_wconf 90' lang='lat' dir='ltr'>quem</span> 
     </span>
     <span class='ocr_line' id='line_1_13' title="bbox 138 1060 1840 1118; baseline 0.002 -4"><span class='ocrx_word' id='word_1_94' title='bbox 138 1061 378 1115; x_wconf 86' lang='lat' dir='ltr'>codicem</span> <span class='ocrx_word' id='word_1_95' title='bbox 429 1081 540 1116; x_wconf 91' lang='lat' dir='ltr'>una</span> <span class='ocrx_word' id='word_1_96' title='bbox 595 1080 717 1115; x_wconf 93' lang='lat' dir='ltr'>cum</span> <span class='ocrx_word' id='word_1_97' title='bbox 766 1070 811 1115; x_wconf 86' lang='lat' dir='ltr'>P</span> <span class='ocrx_word' id='word_1_98' title='bbox 860 1062 1094 1116; x_wconf 89' lang='lat' dir='ltr'>Amarus</span> <span class='ocrx_word' id='word_1_99' title='bbox 1149 1064 1204 1115; x_wconf 89' lang='lat' dir='ltr'>et</span> <span class='ocrx_word' id='word_1_100' title='bbox 1247 1060 1549 1115; x_wconf 89' lang='lat' dir='ltr'>Lemairius</span> <span class='ocrx_word' id='word_1_101' title='bbox 1606 1063 1840 1118; x_wconf 83' lang='lat' dir='ltr'>editores</span> 
     </span>
     <span class='ocr_line' id='line_1_14' title="bbox 136 1134 1842 1208; baseline 0.003 -21"><span class='ocrx_word' id='word_1_102' title='bbox 136 1134 372 1189; x_wconf 89' lang='lat' dir='ltr'>Parisini</span> <span class='ocrx_word' id='word_1_103' title='bbox 418 1136 787 1190; x_wconf 88' lang='lat' dir='ltr'>contulerunt:</span> <span class='ocrx_word' id='word_1_104' title='bbox 836 1154 1129 1206; x_wconf 90' lang='lat' dir='ltr'>quamqum</span> <span class='ocrx_word' id='word_1_105' title='bbox 1176 1135 1400 1189; x_wconf 91' lang='lat' dir='ltr'>dubium</span> <span class='ocrx_word' id='word_1_106' title='bbox 1438 1136 1575 1189; x_wconf 92' lang='lat' dir='ltr'>mihi</span> <span class='ocrx_word' id='word_1_107' title='bbox 1612 1137 1842 1208; x_wconf 85' lang='lat' dir='ltr'>videtur,</span> 
     </span>
     <span class='ocr_line' id='line_1_15' title="bbox 139 1181 1842 1267; baseline 0.003 -5"><span class='ocrx_word' id='word_1_108' title='bbox 139 1228 321 1264; x_wconf 87' lang='lat' dir='ltr'>annon</span> <span class='ocrx_word' id='word_1_109' title='bbox 379 1214 626 1264; x_wconf 86' lang='lat' dir='ltr'>accurate</span> <span class='ocrx_word' id='word_1_110' title='bbox 670 1211 913 1265; x_wconf 86' lang='lat' dir='ltr'>fecerint.</span> <span class='ocrx_word' id='word_1_111' title='bbox 987 1210 1091 1263; x_wconf 86' lang='lat' dir='ltr'>Est</span> <span class='ocrx_word' id='word_1_112' title='bbox 1137 1210 1266 1264; x_wconf 89' lang='lat' dir='ltr'>cod.</span> <span class='ocrx_word' id='word_1_113' title='bbox 1305 1209 1645 1265; x_wconf 87' lang='lat' dir='ltr'>Parisinus</span> <span class='ocrx_word' id='word_1_114' title='bbox 1692 1181 1842 1267; x_wconf 79' lang='lat'>8052&#39;</span> 
     </span>
     <span class='ocr_line' id='line_1_16' title="bbox 137 1283 1841 1355; baseline 0.002 -19"><span class='ocrx_word' id='word_1_115' title='bbox 137 1285 434 1338; x_wconf 86' lang='lat' dir='ltr'>membran.</span> <span class='ocrx_word' id='word_1_116' title='bbox 470 1304 606 1340; x_wconf 86' lang='lat' dir='ltr'>saec.</span> <span class='ocrx_word' id='word_1_117' title='bbox 639 1285 957 1355; x_wconf 86' lang='lat' dir='ltr'>duodecimi,</span> <span class='ocrx_word' id='word_1_118' title='bbox 996 1284 1110 1339; x_wconf 86' lang='lat' dir='ltr'>foll.</span> <span class='ocrx_word' id='word_1_119' title='bbox 1143 1284 1215 1339; x_wconf 84' lang='lat'>58</span> <span class='ocrx_word' id='word_1_120' title='bbox 1254 1283 1536 1338; x_wconf 80' lang='lat' dir='ltr'>Thebaida</span> <span class='ocrx_word' id='word_1_121' title='bbox 1566 1288 1622 1339; x_wconf 90' lang='lat' dir='ltr'>et</span> <span class='ocrx_word' id='word_1_122' title='bbox 1658 1285 1841 1340; x_wconf 89' lang='lat' dir='ltr'>Achil·</span> 
     </span>
     <span class='ocr_line' id='line_1_17' title="bbox 136 1358 1840 1429; baseline 0.003 -19"><span class='ocrx_word' id='word_1_123' title='bbox 136 1358 280 1411; x_wconf 87' lang='lat' dir='ltr'>leida</span> <span class='ocrx_word' id='word_1_124' title='bbox 320 1359 805 1429; x_wconf 87' lang='lat' dir='ltr'>comprehendens,</span> <span class='ocrx_word' id='word_1_125' title='bbox 845 1360 936 1429; x_wconf 93' lang='lat' dir='ltr'>qui</span> <span class='ocrx_word' id='word_1_126' title='bbox 976 1377 1098 1412; x_wconf 91' lang='lat' dir='ltr'>cum</span> <span class='ocrx_word' id='word_1_127' title='bbox 1135 1370 1161 1413; x_wconf 82' lang='lat' dir='ltr'>t</span> <span class='ocrx_word' id='word_1_128' title='bbox 1200 1361 1256 1413; x_wconf 88' lang='lat' dir='ltr'>et</span> <span class='ocrx_word' id='word_1_129' title='bbox 1292 1358 1466 1412; x_wconf 88' lang='lat' dir='ltr'>tribus</span> <span class='ocrx_word' id='word_1_130' title='bbox 1505 1359 1660 1413; x_wconf 90' lang='lat' dir='ltr'>libris</span> <span class='ocrx_word' id='word_1_131' title='bbox 1684 1359 1840 1416; x_wconf 81' lang='lat' dir='ltr'>MSS.</span> 
     </span>
     <span class='ocr_line' id='line_1_18' title="bbox 137 1432 1838 1503; baseline 0.002 -18"><span class='ocrx_word' id='word_1_132' title='bbox 137 1433 196 1485; x_wconf 92' lang='lat' dir='ltr'>in</span> <span class='ocrx_word' id='word_1_133' title='bbox 238 1434 575 1487; x_wconf 85' lang='lat' dir='ltr'>bibliotheca</span> <span class='ocrx_word' id='word_1_134' title='bbox 614 1432 1045 1503; x_wconf 84' lang='lat' dir='ltr'>Guelferbytana</span> <span class='ocrx_word' id='word_1_135' title='bbox 1083 1433 1373 1488; x_wconf 85' lang='lat' dir='ltr'>asservatis</span> <span class='ocrx_word' id='word_1_136' title='bbox 1414 1451 1724 1503; x_wconf 85' lang='lat' dir='ltr'>expressam</span> <span class='ocrx_word' id='word_1_137' title='bbox 1764 1437 1838 1489; x_wconf 89' lang='lat' dir='ltr'>al-</span> 
     </span>
     <span class='ocr_line' id='line_1_19' title="bbox 138 1506 1840 1578; baseline 0.002 -18"><span class='ocrx_word' id='word_1_138' title='bbox 138 1508 308 1561; x_wconf 88' lang='lat' dir='ltr'>terius</span> <span class='ocrx_word' id='word_1_139' title='bbox 348 1508 563 1578; x_wconf 85' lang='lat' dir='ltr'>generis</span> <span class='ocrx_word' id='word_1_140' title='bbox 604 1508 844 1577; x_wconf 83' lang='lat' dir='ltr'>effigiem</span> <span class='ocrx_word' id='word_1_141' title='bbox 882 1508 1118 1577; x_wconf 85' lang='lat' dir='ltr'>praebet.</span> <span class='ocrx_word' id='word_1_142' title='bbox 1188 1506 1496 1576; x_wconf 89' lang='lat' dir='ltr'>Principem</span> <span class='ocrx_word' id='word_1_143' title='bbox 1535 1508 1681 1562; x_wconf 88' lang='lat' dir='ltr'>inter</span> <span class='ocrx_word' id='word_1_144' title='bbox 1718 1510 1840 1564; x_wconf 91' lang='lat' dir='ltr'>illos</span> 
     </span>
     <span class='ocr_line' id='line_1_20' title="bbox 136 1581 1839 1655; baseline 0.002 -21"><span class='ocrx_word' id='word_1_145' title='bbox 136 1581 316 1635; x_wconf 92' lang='lat' dir='ltr'>locum</span> <span class='ocrx_word' id='word_1_146' title='bbox 363 1582 573 1636; x_wconf 90' lang='lat' dir='ltr'>obtinet</span> <span class='ocrx_word' id='word_1_147' title='bbox 624 1581 960 1635; x_wconf 84' lang='lat' dir='ltr'>Gudianus</span> <span class='ocrx_word' id='word_1_148' title='bbox 1007 1581 1104 1652; x_wconf 84' lang='lat'>52,</span> <span class='ocrx_word' id='word_1_149' title='bbox 1141 1581 1437 1635; x_wconf 87' lang='lat' dir='ltr'>membran.</span> <span class='ocrx_word' id='word_1_150' title='bbox 1485 1599 1622 1636; x_wconf 88' lang='lat' dir='ltr'>saec.</span> <span class='ocrx_word' id='word_1_151' title='bbox 1661 1586 1839 1655; x_wconf 87' lang='lat' dir='ltr'>quarti</span> 
     </span>
     <span class='ocr_line' id='line_1_21' title="bbox 139 1655 1841 1728; baseline 0.002 -20"><span class='ocrx_word' id='word_1_152' title='bbox 139 1655 356 1725; x_wconf 91' lang='lat' dir='ltr'>decimi,</span> <span class='ocrx_word' id='word_1_153' title='bbox 396 1656 675 1709; x_wconf 87' lang='lat' dir='ltr'>Thebaida</span> <span class='ocrx_word' id='word_1_154' title='bbox 713 1659 768 1709; x_wconf 89' lang='lat' dir='ltr'>et</span> <span class='ocrx_word' id='word_1_155' title='bbox 805 1655 1109 1709; x_wconf 90' lang='lat' dir='ltr'>Achilleida</span> <span class='ocrx_word' id='word_1_156' title='bbox 1146 1673 1268 1710; x_wconf 90' lang='lat' dir='ltr'>cum</span> <span class='ocrx_word' id='word_1_157' title='bbox 1308 1655 1528 1710; x_wconf 87' lang='lat' dir='ltr'>scholiis</span> <span class='ocrx_word' id='word_1_158' title='bbox 1566 1659 1841 1728; x_wconf 89' lang='lat' dir='ltr'>margina-</span> 
     </span>
     <span class='ocr_line' id='line_1_22' title="bbox 137 1729 1838 1801; baseline 0.002 -19"><span class='ocrx_word' id='word_1_159' title='bbox 137 1730 280 1783; x_wconf 91' lang='lat' dir='ltr'>libus</span> <span class='ocrx_word' id='word_1_160' title='bbox 313 1731 700 1801; x_wconf 85' lang='lat' dir='ltr'>complectens;</span> <span class='ocrx_word' id='word_1_161' title='bbox 738 1730 1046 1784; x_wconf 88' lang='lat' dir='ltr'>conlatione</span> <span class='ocrx_word' id='word_1_162' title='bbox 1077 1749 1208 1783; x_wconf 91' lang='lat' dir='ltr'>usus</span> <span class='ocrx_word' id='word_1_163' title='bbox 1241 1748 1360 1784; x_wconf 90' lang='lat' dir='ltr'>sum</span> <span class='ocrx_word' id='word_1_164' title='bbox 1393 1748 1426 1783; x_wconf 87' lang='lat' dir='ltr'>a</span> <span class='ocrx_word' id='word_1_165' title='bbox 1447 1729 1504 1784; x_wconf 83' lang='lat' dir='ltr'>F.</span> <span class='ocrx_word' id='word_1_166' title='bbox 1529 1729 1596 1785; x_wconf 88' lang='lat' dir='ltr'>A.</span> <span class='ocrx_word' id='word_1_167' title='bbox 1619 1730 1838 1786; x_wconf 88' lang='lat' dir='ltr'>Menkio</span> 
     </span>
     <span class='ocr_line' id='line_1_23' title="bbox 137 1803 1838 1876; baseline 0.003 -20"><span class='ocrx_word' id='word_1_168' title='bbox 137 1803 297 1858; x_wconf 84' lang='lat' dir='ltr'>facta.</span> <span class='ocrx_word' id='word_1_169' title='bbox 358 1804 436 1858; x_wconf 87' lang='lat' dir='ltr'>Ut</span> <span class='ocrx_word' id='word_1_170' title='bbox 472 1805 582 1857; x_wconf 88' lang='lat' dir='ltr'>iam</span> <span class='ocrx_word' id='word_1_171' title='bbox 620 1805 678 1857; x_wconf 87' lang='lat' dir='ltr'>in</span> <span class='ocrx_word' id='word_1_172' title='bbox 703 1812 755 1857; x_wconf 81' lang='lat' dir='ltr'>G</span> <span class='ocrx_word' id='word_1_173' title='bbox 779 1805 1028 1873; x_wconf 90' lang='lat' dir='ltr'>plurimis</span> <span class='ocrx_word' id='word_1_174' title='bbox 1067 1805 1201 1858; x_wconf 88' lang='lat' dir='ltr'>locis</span> <span class='ocrx_word' id='word_1_175' title='bbox 1239 1804 1500 1858; x_wconf 86' lang='lat' dir='ltr'>lectiones</span> <span class='ocrx_word' id='word_1_176' title='bbox 1533 1805 1838 1876; x_wconf 80' lang='lat' dir='ltr'>singulares</span> 
     </span>
     <span class='ocr_line' id='line_1_24' title="bbox 137 1879 1838 1949; baseline 0.002 -18"><span class='ocrx_word' id='word_1_177' title='bbox 137 1881 354 1931; x_wconf 87' lang='lat' dir='ltr'>exstant</span> <span class='ocrx_word' id='word_1_178' title='bbox 408 1897 544 1949; x_wconf 89' lang='lat' dir='ltr'>quae</span> <span class='ocrx_word' id='word_1_179' title='bbox 602 1897 666 1931; x_wconf 89' lang='lat' dir='ltr'>ex</span> <span class='ocrx_word' id='word_1_180' title='bbox 720 1879 865 1932; x_wconf 89' lang='lat' dir='ltr'>docti</span> <span class='ocrx_word' id='word_1_181' title='bbox 912 1879 1189 1932; x_wconf 86' lang='lat' dir='ltr'>cuiusdam</span> <span class='ocrx_word' id='word_1_182' title='bbox 1250 1879 1572 1932; x_wconf 89' lang='lat' dir='ltr'>coniecturis</span> <span class='ocrx_word' id='word_1_183' title='bbox 1618 1880 1838 1935; x_wconf 89' lang='lat' dir='ltr'>fluxisse</span> 
     </span>
     <span class='ocr_line' id='line_1_25' title="bbox 135 1952 1839 2023; baseline 0.002 -18"><span class='ocrx_word' id='word_1_184' title='bbox 135 1952 399 2022; x_wconf 87' lang='lat' dir='ltr'>videntur,</span> <span class='ocrx_word' id='word_1_185' title='bbox 436 1953 518 2006; x_wconf 90' lang='lat' dir='ltr'>ita</span> <span class='ocrx_word' id='word_1_186' title='bbox 548 1954 721 2007; x_wconf 86' lang='lat' dir='ltr'>multo</span> <span class='ocrx_word' id='word_1_187' title='bbox 762 1953 936 2023; x_wconf 85' lang='lat' dir='ltr'>magis</span> <span class='ocrx_word' id='word_1_188' title='bbox 974 1953 1333 2023; x_wconf 89' lang='lat' dir='ltr'>interpolatus</span> <span class='ocrx_word' id='word_1_189' title='bbox 1366 1956 1421 2006; x_wconf 90' lang='lat' dir='ltr'>et</span> <span class='ocrx_word' id='word_1_190' title='bbox 1450 1954 1605 2022; x_wconf 86' lang='lat' dir='ltr'>parvi</span> <span class='ocrx_word' id='word_1_191' title='bbox 1636 1955 1839 2008; x_wconf 88' lang='lat' dir='ltr'>haben—</span> 
     </span>
     <span class='ocr_line' id='line_1_26' title="bbox 138 2026 1837 2097; baseline 0.002 -18"><span class='ocrx_word' id='word_1_192' title='bbox 138 2026 237 2080; x_wconf 91' lang='lat' dir='ltr'>dus</span> <span class='ocrx_word' id='word_1_193' title='bbox 278 2030 361 2079; x_wconf 90' lang='lat' dir='ltr'>est</span> <span class='ocrx_word' id='word_1_194' title='bbox 399 2027 529 2083; x_wconf 86' lang='lat' dir='ltr'>cod.</span> <span class='ocrx_word' id='word_1_195' title='bbox 569 2026 1122 2081; x_wconf 87' lang='lat' dir='ltr'>Helmstadiensis</span> <span class='ocrx_word' id='word_1_196' title='bbox 1163 2028 1319 2082; x_wconf 82' lang='lat' dir='ltr'>319b</span> <span class='ocrx_word' id='word_1_197' title='bbox 1360 2027 1615 2097; x_wconf 62' lang='lat' dir='ltr'>chartac„</span> <span class='ocrx_word' id='word_1_198' title='bbox 1655 2047 1837 2083; x_wconf 86' lang='lat' dir='ltr'>exara-</span> 
     </span>
     <span class='ocr_line' id='line_1_27' title="bbox 134 2101 1836 2173; baseline 0.002 -20"><span class='ocrx_word' id='word_1_199' title='bbox 134 2103 224 2154; x_wconf 87' lang='lat' dir='ltr'>tus</span> <span class='ocrx_word' id='word_1_200' title='bbox 272 2101 331 2154; x_wconf 94' lang='lat' dir='ltr'>in</span> <span class='ocrx_word' id='word_1_201' title='bbox 370 2101 662 2156; x_wconf 83' lang='lat' dir='ltr'>Germania</span> <span class='ocrx_word' id='word_1_202' title='bbox 700 2102 785 2154; x_wconf 89' lang='lat' dir='ltr'>die</span> <span class='ocrx_word' id='word_1_203' title='bbox 826 2102 1141 2156; x_wconf 90' lang='lat' dir='ltr'>duodecimo</span> <span class='ocrx_word' id='word_1_204' title='bbox 1183 2101 1330 2171; x_wconf 87' lang='lat' dir='ltr'>Sept.</span> <span class='ocrx_word' id='word_1_205' title='bbox 1369 2121 1417 2156; x_wconf 85' lang='lat' dir='ltr'>a.</span> <span class='ocrx_word' id='word_1_206' title='bbox 1460 2102 1626 2167; x_wconf 85' lang='lat'>1454,</span> <span class='ocrx_word' id='word_1_207' title='bbox 1677 2122 1836 2173; x_wconf 89' lang='lat' dir='ltr'>quem</span> 
     </span>
     <span class='ocr_line' id='line_1_28' title="bbox 136 2174 1837 2243; baseline 0.004 -17"><span class='ocrx_word' id='word_1_208' title='bbox 136 2178 190 2227; x_wconf 90' lang='lat' dir='ltr'>et</span> <span class='ocrx_word' id='word_1_209' title='bbox 227 2175 407 2243; x_wconf 89' lang='lat' dir='ltr'>ipsum</span> <span class='ocrx_word' id='word_1_210' title='bbox 455 2177 686 2230; x_wconf 87' lang='lat' dir='ltr'>contulit</span> <span class='ocrx_word' id='word_1_211' title='bbox 730 2175 997 2230; x_wconf 88' lang='lat' dir='ltr'>Menkius.</span> <span class='ocrx_word' id='word_1_212' title='bbox 1083 2174 1447 2230; x_wconf 85' lang='lat' dir='ltr'>Continentur</span> <span class='ocrx_word' id='word_1_213' title='bbox 1492 2175 1727 2231; x_wconf 88' lang='lat' dir='ltr'>Thebais</span> <span class='ocrx_word' id='word_1_214' title='bbox 1783 2182 1837 2232; x_wconf 91' lang='lat' dir='ltr'>et</span> 
     </span>
     <span class='ocr_line' id='line_1_29' title="bbox 134 2249 1837 2321; baseline 0.002 -20"><span class='ocrx_word' id='word_1_215' title='bbox 134 2249 397 2304; x_wconf 90' lang='lat' dir='ltr'>Achilleis</span> <span class='ocrx_word' id='word_1_216' title='bbox 437 2269 559 2304; x_wconf 91' lang='lat' dir='ltr'>cum</span> <span class='ocrx_word' id='word_1_217' title='bbox 599 2249 823 2304; x_wconf 85' lang='lat' dir='ltr'>Collutii</span> <span class='ocrx_word' id='word_1_218' title='bbox 870 2251 935 2304; x_wconf 90' lang='lat' dir='ltr'>de</span> <span class='ocrx_word' id='word_1_219' title='bbox 976 2250 1253 2321; x_wconf 80' lang='lat' dir='ltr'>Stagnano</span> <span class='ocrx_word' id='word_1_220' title='bbox 1302 2251 1538 2320; x_wconf 89' lang='lat' dir='ltr'>epitome</span> <span class='ocrx_word' id='word_1_221' title='bbox 1576 2250 1837 2305; x_wconf 82' lang='lat' dir='ltr'>Achillei-</span> 
     </span>
     <span class='ocr_line' id='line_1_30' title="bbox 137 2323 1836 2395; baseline 0.001 -19"><span class='ocrx_word' id='word_1_222' title='bbox 137 2324 250 2377; x_wconf 87' lang='lat' dir='ltr'>dos.</span> <span class='ocrx_word' id='word_1_223' title='bbox 304 2323 533 2378; x_wconf 89' lang='lat' dir='ltr'>Minoris</span> <span class='ocrx_word' id='word_1_224' title='bbox 574 2326 737 2377; x_wconf 86' lang='lat' dir='ltr'>etiam</span> <span class='ocrx_word' id='word_1_225' title='bbox 778 2325 915 2378; x_wconf 88' lang='lat' dir='ltr'>aesti</span> <span class='ocrx_word' id='word_1_226' title='bbox 952 2325 1179 2378; x_wconf 88' lang='lat' dir='ltr'>mandus</span> <span class='ocrx_word' id='word_1_227' title='bbox 1220 2328 1304 2378; x_wconf 89' lang='lat' dir='ltr'>est</span> <span class='ocrx_word' id='word_1_228' title='bbox 1342 2325 1534 2394; x_wconf 85' lang='lat' dir='ltr'>codex,</span> <span class='ocrx_word' id='word_1_229' title='bbox 1573 2326 1666 2395; x_wconf 93' lang='grc'><strong>(1111</strong></span> <span class='ocrx_word' id='word_1_230' title='bbox 1705 2327 1836 2380; x_wconf 87' lang='grc'><strong>011111</strong></span> 
     </span>
     <span class='ocr_line' id='line_1_31' title="bbox 135 2398 1836 2467; baseline 0.002 -16"><span class='ocrx_word' id='word_1_231' title='bbox 135 2398 599 2452; x_wconf 87' lang='grc' dir='ltr'><strong>Ι)011111101101111</strong></span> <span class='ocrx_word' id='word_1_232' title='bbox 622 2398 749 2467; x_wconf 88' lang='lat' dir='ltr'>fuit,</span> <span class='ocrx_word' id='word_1_233' title='bbox 780 2399 942 2452; x_wconf 87' lang='lat' dir='ltr'>hodie</span> <span class='ocrx_word' id='word_1_234' title='bbox 968 2398 1302 2452; x_wconf 83' lang='lat' dir='ltr'>Gudianus</span> <span class='ocrx_word' id='word_1_235' title='bbox 1326 2399 1451 2452; x_wconf 82' lang='lat'>292.</span> <span class='ocrx_word' id='word_1_236' title='bbox 1476 2399 1512 2451; x_wconf 95' lang='grc'><strong>2</strong></span> <span class='ocrx_word' id='word_1_237' title='bbox 1537 2400 1836 2455; x_wconf 83' lang='lat' dir='ltr'>membran.</span> 
     </span>
     <span class='ocr_line' id='line_1_32' title="bbox 136 2471 1834 2542; baseline 0.001 -17"><span class='ocrx_word' id='word_1_238' title='bbox 136 2491 273 2526; x_wconf 90' lang='lat' dir='ltr'>saec.</span> <span class='ocrx_word' id='word_1_239' title='bbox 292 2473 475 2542; x_wconf 90' lang='lat' dir='ltr'>quarti</span> <span class='ocrx_word' id='word_1_240' title='bbox 499 2472 706 2541; x_wconf 90' lang='lat' dir='ltr'>decimi,</span> <span class='ocrx_word' id='word_1_241' title='bbox 731 2473 908 2526; x_wconf 89' lang='lat' dir='ltr'>solam</span> <span class='ocrx_word' id='word_1_242' title='bbox 922 2471 1227 2526; x_wconf 88' lang='lat' dir='ltr'>Achilleida</span> <span class='ocrx_word' id='word_1_243' title='bbox 1250 2491 1372 2526; x_wconf 91' lang='lat' dir='ltr'>cum</span> <span class='ocrx_word' id='word_1_244' title='bbox 1394 2473 1613 2527; x_wconf 88' lang='lat' dir='ltr'>scholiis</span> <span class='ocrx_word' id='word_1_245' title='bbox 1630 2475 1834 2527; x_wconf 90' lang='lat' dir='ltr'>nullius</span> 
     </span>
     <span class='ocr_line' id='line_1_33' title="bbox 133 2547 1832 2616; baseline 0.001 -17"><span class='ocrx_word' id='word_1_246' title='bbox 133 2547 295 2615; x_wconf 86' lang='lat' dir='ltr'>pretii</span> <span class='ocrx_word' id='word_1_247' title='bbox 320 2547 623 2600; x_wconf 74' lang='lat' dir='ltr'>continens</span> <span class='ocrx_word' id='word_1_248' title='bbox 684 2547 755 2616; x_wconf 90' lang='lat' dir='ltr'>Is,</span> <span class='ocrx_word' id='word_1_249' title='bbox 780 2547 929 2600; x_wconf 89' lang='lat' dir='ltr'>cuius</span> <span class='ocrx_word' id='word_1_250' title='bbox 955 2547 1093 2600; x_wconf 88' lang='lat' dir='ltr'>liber</span> <span class='ocrx_word' id='word_1_251' title='bbox 1116 2547 1248 2601; x_wconf 92' lang='lat' dir='ltr'>olim</span> <span class='ocrx_word' id='word_1_252' title='bbox 1271 2547 1391 2616; x_wconf 88' lang='lat' dir='ltr'>fuit,</span> <span class='ocrx_word' id='word_1_253' title='bbox 1414 2549 1593 2602; x_wconf 75' lang='lat' dir='ltr'>rector</span> <span class='ocrx_word' id='word_1_254' title='bbox 1617 2547 1832 2601; x_wconf 88' lang='lat' dir='ltr'>scholae</span> 
     </span>
     <span class='ocr_line' id='line_1_34' title="bbox 132 2619 1831 2690; baseline 0.001 -17"><span class='ocrx_word' id='word_1_255' title='bbox 132 2619 680 2674; x_wconf 88' lang='lat' dir='ltr'>Wolfenbuttelensis</span> <span class='ocrx_word' id='word_1_256' title='bbox 720 2622 778 2673; x_wconf 95' lang='lat' dir='ltr'>in</span> <span class='ocrx_word' id='word_1_257' title='bbox 816 2621 1074 2690; x_wconf 89' lang='lat' dir='ltr'>peculiari</span> <span class='ocrx_word' id='word_1_258' title='bbox 1111 2622 1293 2674; x_wconf 91' lang='lat' dir='ltr'>libello</span> <span class='ocrx_word' id='word_1_259' title='bbox 1324 2621 1465 2675; x_wconf 84' lang='lat'>1758</span> <span class='ocrx_word' id='word_1_260' title='bbox 1506 2620 1572 2673; x_wconf 92' lang='lat' dir='ltr'>de</span> <span class='ocrx_word' id='word_1_261' title='bbox 1604 2639 1666 2675; x_wconf 91' lang='lat' dir='ltr'>eo</span> <span class='ocrx_word' id='word_1_262' title='bbox 1691 2626 1831 2675; x_wconf 90' lang='lat' dir='ltr'>retu-</span> 
     </span>
     <span class='ocr_line' id='line_1_35' title="bbox 131 2693 1831 2764; baseline 0.001 -16"><span class='ocrx_word' id='word_1_263' title='bbox 131 2696 212 2749; x_wconf 85' lang='lat' dir='ltr'>lit.</span> <span class='ocrx_word' id='word_1_264' title='bbox 259 2693 487 2764; x_wconf 87' lang='lat' dir='ltr'>Desunt,</span> <span class='ocrx_word' id='word_1_265' title='bbox 520 2713 642 2748; x_wconf 90' lang='lat' dir='ltr'>cum</span> <span class='ocrx_word' id='word_1_266' title='bbox 672 2695 780 2748; x_wconf 85' lang='lat' dir='ltr'>tria</span> <span class='ocrx_word' id='word_1_267' title='bbox 811 2695 1111 2748; x_wconf 88' lang='lat' dir='ltr'>exciderint</span> <span class='ocrx_word' id='word_1_268' title='bbox 1140 2694 1289 2764; x_wconf 87' lang='lat' dir='ltr'>folia,</span> <span class='ocrx_word' id='word_1_269' title='bbox 1327 2713 1513 2749; x_wconf 87' lang='lat' dir='ltr'>versus</span> <span class='ocrx_word' id='word_1_270' title='bbox 1544 2694 1572 2747; x_wconf 96' lang='lat' dir='ltr'>I</span> <span class='ocrx_word' id='word_1_271' title='bbox 1596 2695 1831 2749; x_wconf 83' lang='lat'>33—90.</span> 
     </span>
     <span class='ocr_line' id='line_1_36' title="bbox 133 2768 1831 2839; baseline -0.001 -15"><span class='ocrx_word' id='word_1_272' title='bbox 133 2770 302 2824; x_wconf 84' lang='lat'><strong>537-</strong></span> <span class='ocrx_word' id='word_1_273' title='bbox 321 2769 445 2823; x_wconf 84' lang='lat'>557.</span> <span class='ocrx_word' id='word_1_274' title='bbox 483 2769 538 2822; x_wconf 94' lang='lat' dir='ltr'>II</span> <span class='ocrx_word' id='word_1_275' title='bbox 576 2769 813 2822; x_wconf 79' lang='lat'>49—69.</span> <span class='ocrx_word' id='word_1_276' title='bbox 888 2768 956 2822; x_wconf 95' lang='lat' dir='ltr'>In</span> <span class='ocrx_word' id='word_1_277' title='bbox 993 2769 1150 2822; x_wconf 88' lang='lat' dir='ltr'>libris</span> <span class='ocrx_word' id='word_1_278' title='bbox 1189 2769 1439 2839; x_wconf 87' lang='lat' dir='ltr'>pessimis</span> <span class='ocrx_word' id='word_1_279' title='bbox 1486 2777 1535 2821; x_wconf 91' lang='lat' dir='ltr'>D</span> <span class='ocrx_word' id='word_1_280' title='bbox 1582 2786 1697 2822; x_wconf 90' lang='lat' dir='ltr'>esse</span> <span class='ocrx_word' id='word_1_281' title='bbox 1735 2770 1831 2822; x_wconf 90' lang='lat' dir='ltr'>ha-</span> 
     </span>
     <span class='ocr_line' id='line_1_37' title="bbox 135 2843 1830 2898; baseline 0 -1"><span class='ocrx_word' id='word_1_282' title='bbox 135 2843 371 2897; x_wconf 88' lang='lat' dir='ltr'>bendum</span> <span class='ocrx_word' id='word_1_283' title='bbox 412 2861 532 2896; x_wconf 91' lang='lat' dir='ltr'>cum</span> <span class='ocrx_word' id='word_1_284' title='bbox 566 2861 628 2896; x_wconf 89' lang='lat' dir='ltr'>ex</span> <span class='ocrx_word' id='word_1_285' title='bbox 669 2843 792 2897; x_wconf 88' lang='lat' dir='ltr'>aliis</span> <span class='ocrx_word' id='word_1_286' title='bbox 825 2845 942 2897; x_wconf 86' lang='lat' dir='ltr'>tum</span> <span class='ocrx_word' id='word_1_287' title='bbox 983 2844 1214 2897; x_wconf 87' lang='lat' dir='ltr'>maxime</span> <span class='ocrx_word' id='word_1_288' title='bbox 1248 2861 1311 2896; x_wconf 89' lang='lat' dir='ltr'>ea</span> <span class='ocrx_word' id='word_1_289' title='bbox 1351 2862 1415 2896; x_wconf 90' lang='lat' dir='ltr'>ex</span> <span class='ocrx_word' id='word_1_290' title='bbox 1445 2862 1503 2896; x_wconf 93' lang='lat' dir='ltr'>re</span> <span class='ocrx_word' id='word_1_291' title='bbox 1543 2843 1830 2898; x_wconf 89' lang='lat' dir='ltr'>concludas</span> 
     </span>
    </p>
   </div>
   <div class='ocr_carea' id='block_1_3' title="bbox 1966 0 2020 592">
    <p class='ocr_par' dir='ltr' id='par_1_3' title="bbox 1966 0 2020 592">
     <span class='ocr_line' id='line_1_38' title="bbox 1966 0 2020 592; baseline 0 2514"><span class='ocrx_word' id='word_1_292' title='bbox 1966 0 2020 592; x_wconf 95' lang='lat' dir='ltr'> </span> 
     </span>
    </p>
   </div>
   <div class='ocr_carea' id='block_1_4' title="bbox 2014 480 2020 2373">
    <p class='ocr_par' dir='ltr' id='par_1_4' title="bbox 2014 480 2020 2373">
     <span class='ocr_line' id='line_1_39' title="bbox 2014 480 2020 2373; baseline 0 0"><span class='ocrx_word' id='word_1_293' title='bbox 2014 480 2020 2373; x_wconf 95' lang='lat' dir='ltr'> </span> 
     </span>
    </p>
   </div>
  </div>
 </body>
</html>
