1956 3086
118 181 148 208 x
667 162 948 208 EDITORIS
979 162 1336 208 PRAEFATIO.

121 282 390 336 communi
438 281 612 350 fonte,
661 281 719 334 in
769 300 873 350 quo
913 283 1022 334 iam
1059 284 1230 336 multa
1265 283 1400 336 false
1439 283 1706 352 descripta
1751 302 1880 336 non-

117 355 368 424 nullaque
406 355 727 423 interpolata
777 358 971 408 essent.
1045 359 1322 424 praeterea
1360 374 1478 409 cum
1518 355 1880 426 Sangallensis

118 429 250 481 locis
280 428 554 481 nonnullis
586 428 840 480 damnum
879 429 1185 498 accepisset,
1225 430 1522 499 apographi
1565 431 1739 483 scriba
1770 448 1882 483 non

117 501 279 554 nimis
320 504 555 554 attentus
594 501 698 554 fuit
734 502 928 554 litteris
959 502 1199 556 euanidis
1238 502 1591 572 dinoscendiS,
1627 502 1882 556 Politiani

119 577 297 627 autem
336 575 643 644 diligentiae
684 575 1066 628 accuratiorem
1103 576 1168 628 de
1213 576 1288 630 eis
1325 576 1575 629 notitiam
1614 576 1881 630 debemus,
1939 598 1942 599 ⁷

119 651 172 699 et
225 647 282 700 in
329 647 413 700 his
461 665 669 717 quoque
713 649 917 701 lacunis
966 649 1091 700 libri
1133 650 1334 702 nouicii
1379 650 1445 702 ad
1491 668 1657 702 unum
1697 668 1881 703 omnes

119 723 442 789 congruunt3
488 721 554 773 cf.
601 739 733 773 mus,
778 721 948 775 Rhen.
999 720 1235 775 XXVIII
1279 742 1330 792 p.
1369 722 1478 775 250
1518 742 1630 792 sqq.
1671 753 1739 761 —
1778 724 1882 777 hoc

119 796 297 846 autem
344 793 704 863 Sangallensis
751 795 1120 864 apographum
1173 796 1350 865 ipsum
1403 796 1544 864 quod
1589 815 1730 849 nunc
1774 797 1882 849 iam

116 884 228 919 non
258 867 608 936 possidemus,
639 867 924 920 admodum
954 869 1242 921 dolendum
1274 873 1374 938 est3
1407 869 1548 938 quod
1581 870 1626 922 si
1658 870 1881 939 adesset,

116 940 290 992 labori
338 941 507 993 multo
558 941 898 1009 supersedere
948 942 1144 994 liceret.
1207 960 1333 995 nam
1383 961 1503 995 cum
1548 944 1881 997 nouiciorum

116 1013 378 1066 librorum
424 1013 547 1066 inde
585 1014 945 1082 profectorum
992 1015 1168 1068 nullus
1218 1034 1282 1068 ea
1328 1017 1412 1068 cui
1459 1019 1578 1069 tuto
1619 1017 1880 1069 confidere

115 1087 293 1154 possis
333 1086 610 1156 diligentia
647 1087 782 1140 illud
819 1088 1008 1140 reddat
1053 1106 1278 1158 cumque
1325 1107 1508 1142 eorum
1547 1090 1880 1158 singulorum

115 1160 370 1212 lectiones
414 1160 650 1212 incertae
700 1161 811 1213 sint
856 1162 1190 1230 saepissime,
1237 1165 1361 1215 ante
1408 1163 1588 1215 omnia
1633 1162 1758 1216 huic
1803 1165 1879 1216 rei

118 1233 294 1286 danda
340 1235 422 1285 est
467 1251 629 1301 opera
673 1236 734 1285 ut
780 1252 843 1286 ex
881 1235 1235 1287 consentienti
1285 1236 1404 1304 plus
1443 1236 1687 1289 minusue
1725 1235 1879 1290 noui-

117 1306 319 1359 ciorum
343 1306 606 1374 scriptura
631 1307 810 1359 eiectis
832 1307 1219 1375 posterioribus
1243 1307 1503 1361 Italorum
1528 1312 1582 1361 et
1613 1311 1879 1363 erroribus

116 1382 171 1431 et
208 1379 519 1431 commentis
559 1397 622 1432 ea
661 1398 795 1448 quae
834 1381 1202 1450 apographum
1232 1382 1493 1450 praebuit,
1530 1383 1588 1434 in
1619 1387 1880 1452 quantum

114 1452 229 1504 fieri
258 1452 397 1520 licet,
435 1453 799 1505 restituantur.
859 1455 1048 1522 quibus
1080 1455 1342 1508 restitutis
1374 1473 1495 1508 cum
1525 1457 1721 1509 ueteris
1747 1455 1879 1509 San-

116 1525 374 1594 gallensis
424 1525 603 1594 imago
659 1529 713 1577 et
755 1526 873 1594 ipsa
918 1527 1208 1594 deprauata
1246 1528 1439 1581 euadat
1477 1546 1700 1598 cumque
1738 1530 1877 1582 Poli-

113 1599 251 1651 tiani
297 1598 528 1650 conlatio
575 1616 686 1651 non
734 1600 908 1651 minus
956 1618 1145 1653 manca
1184 1601 1269 1670 sit,
1307 1601 1458 1655 uides
1497 1620 1658 1671 quam
1688 1621 1878 1671 parum

114 1674 233 1724 tuto
271 1671 621 1724 fundamento
662 1672 919 1725 siluarum
957 1673 1195 1726 recensio
1233 1674 1510 1727 innitatur.

261 1744 669 1797 Postulantibus
722 1748 900 1797 autem
938 1745 1187 1799 editionis
1226 1751 1443 1800 nostrae
1481 1749 1779 1802 rationibus
1818 1754 1879 1803 ut

116 1835 274 1887 quam
306 1817 619 1870 breuissime
651 1820 705 1870 et
736 1819 949 1871 omissis
980 1818 1281 1888 minutiis*)
1312 1821 1556 1874 lectionis
1581 1823 1877 1891 antiquitus

113 1891 342 1943 traditae
386 1891 582 1943 notitia
620 1891 858 1956 daretur,
906 1892 1049 1944 uiam
1095 1893 1253 1945 modo
1293 1894 1651 1963 significatam
1689 1897 1786 1948 inii
1825 1901 1880 1949 et

116 1963 339 2016 abiectis
395 1963 620 2030 singulis
668 1964 821 2016 libris
872 1966 1245 2034 apographum
1300 1967 1435 2019 illud
1495 1970 1877 2023 reconcinnare

115 2036 310 2104 studui,
350 2054 469 2088 cum
505 2038 822 2104 praesertim
859 2038 1129 2107 integrum
1169 2043 1485 2108 apparatum
1525 2042 1768 2095 criticum
1808 2044 1877 2096 ab

115 2128 177 2163 eo
210 2109 450 2161 exhiberi
480 2128 578 2177 par
610 2114 764 2178 esset,
796 2111 887 2179 qui
918 2112 1218 2181 colligendo
1249 2113 1331 2165 illi
1361 2132 1455 2181 per
1485 2115 1683 2168 multos
1708 2134 1877 2169 annos

115 2201 333 2251 operam
374 2183 714 2252 studiumque
752 2184 1025 2252 impendit.
1085 2186 1265 2254 itaque
1297 2186 1582 2239 Imhofium
1613 2207 1738 2242 mox
1768 2191 1876 2258 ple-

113 2274 240 2308 nam
280 2256 658 2323 supellectilem
698 2256 859 2309 Statii
896 2258 1149 2311 studiosis
1187 2260 1508 2312 traditurum
1547 2279 1661 2313 esse
1700 2281 1876 2330 spera-

114 2347 258 2396 mus3
304 2346 404 2380 nos
452 2329 668 2381 interim
716 2331 985 2382 succincta
1036 2333 1224 2384 nostra
1263 2333 1612 2386 adnotatione
1652 2335 1720 2387 ad
1755 2354 1876 2404 pro-

114 2401 380 2454 mouenda
416 2401 548 2453 haec
587 2401 764 2455 studia
803 2403 1005 2471 aliquid
1044 2405 1283 2457 conferre
1321 2406 1479 2459 nobis
1517 2407 1773 2460 uidemur.

261 2473 336 2526 Et
372 2473 505 2526 haec
544 2475 758 2543 quidem
797 2476 861 2528 de
893 2474 1243 2546 Sangallensi.
1303 2496 1467 2531 unum
1499 2483 1676 2532 autem
1719 2483 1876 2534 silua-

113 2565 232 2599 rum
279 2565 493 2599 carmen
537 2549 767 2616 reperire
821 2549 978 2601 nobis
1026 2550 1256 2619 contigit
1304 2552 1362 2604 in
1413 2552 1590 2605 codice
1641 2555 1875 2624 antiquo.

114 2620 235 2672 cum
298 2620 439 2672 enim
497 2619 797 2674 Politianus
850 2621 917 2674 ad
966 2621 1020 2674 II
1072 2623 1100 2675 7
1154 2624 1488 2678 adnotasset:
1548 2626 1741 2680 Inueni
1788 2628 1878 2682 hoc

260 2790 300 2848 ³³⁸)
340 2791 447 2836 hinc
486 2807 589 2838 raro
629 2794 688 2838 ad
728 2795 1084 2852 orthographica
1123 2797 1523 2841 commemoranda
1553 2798 1788 2855 descendi3
1827 2801 1877 2845 in

113 2850 282 2905 quibus
312 2850 407 2894 fere
438 2851 608 2907 ubique
642 2853 842 2909 optimos
874 2854 1016 2899 libros
1047 2854 1190 2899 tacite
1222 2870 1322 2899 sum
1354 2857 1551 2901 secutus.
