1988 3106
225 184 329 238 132
830 184 881 230 P.
911 183 1140 229 PAPINII
1170 183 1373 230 STATII

220 305 372 358 Mens
411 304 573 372 uidet,
610 305 762 356 illum
801 304 976 373 aegris
1015 304 1308 357 circumdat
1342 305 1556 358 fortiter
1592 307 1731 359 ulnis

220 379 482 432 Immotas
522 379 748 431 obuersa
787 394 966 446 genaS,
1003 394 1102 430 nec
1141 378 1251 430 sole
1290 396 1536 447 supremo

221 452 464 519 Lumina,
504 451 595 504 sed
634 451 774 503 dulci
811 451 1018 502 mauult
1055 450 1250 504 satiare
1287 452 1496 505 maritO.

222 525 371 587 Tunc
411 526 487 578 sic
524 525 838 576 unanimum
876 524 1107 576 moriens
1147 525 1352 577 solatur
1390 528 1686 578 amantem:
1986 526 1988 540 ²

224 599 375 652 ‘Pars
415 599 626 651 animae
666 597 874 650 uictura
909 614 1073 665 meae,
1112 598 1196 650 cui
1232 598 1473 667 linquere
1511 617 1725 668 possem

224 673 268 726 Ο
306 673 529 740 utinam,
569 689 701 740 quos
741 671 873 722 dura
909 670 1043 723 mihi
1079 671 1223 739 rapit
1260 670 1499 740 Atropos
1509 714 1523 741 ,
1563 691 1752 726 annos:

223 746 406 812 Parce,
443 763 642 814 precor,
682 743 932 812 lacrimiS,
971 761 1128 797 saeuo
1169 762 1267 798 nec
1306 747 1526 798 concute
1563 746 1784 815 planctu

223 819 464 887 Pectora,
501 836 599 870 nec
638 817 815 870 crucia
850 817 1147 886 fugientem
1185 818 1426 887 coniugis
1464 819 1723 872 umbram.
1906 815 1973 878 1ὶέ

223 892 432 962 Linquo
467 891 710 960 equidem
739 890 1006 944 thalamos
1037 888 1212 961 (saluo
1241 893 1425 944 tamen
1455 891 1664 963 ordine)
1696 897 1930 948 maestos
1977 886 1986 926 ³

225 966 378 1028 Quod
413 966 582 1034 prior:
621 964 774 1033 exegi
811 964 977 1033 longa
1013 964 1229 1032 potiora
1267 967 1478 1018 senecta

225 1039 516 1108 Tempora,
555 1037 665 1090 uidi
708 1037 854 1089 omni
890 1037 1096 1105 pridem
1134 1040 1190 1089 te
1226 1037 1354 1090 flore
1392 1038 1667 1108 nitentem,
1712 1045 1721 1053 ’

223 1112 351 1165 Uidi
391 1113 529 1164 altae
567 1111 788 1179 propius
827 1111 1151 1179 propiusque
1191 1110 1435 1164 accedere
1475 1111 1701 1165 dextrae.

223 1183 348 1239 Non
385 1186 443 1237 in
480 1188 535 1237 te
573 1185 716 1252 fatis,
754 1201 866 1236 11011
903 1185 1013 1236 iam
1055 1184 1372 1237 caelestibus
1409 1185 1535 1238 ullis

225 1258 548 1311 Arbitrium:
587 1274 795 1309 mecum
832 1257 939 1309 ista
974 1257 1104 1309 fero.
1163 1259 1226 1310 tu
1262 1257 1432 1310 limite
1472 1261 1661 1327 coepto

225 1331 404 1384 Tende
442 1332 616 1384 libens
657 1348 971 1399 sacrumque
1009 1331 1150 1383 latus
1190 1331 1508 1400 geniumque
1546 1335 1822 1400 potentem

223 1405 560 1475 Inrequietus
598 1422 734 1457 ama.
794 1422 952 1471 nunc,
989 1403 1131 1473 quod
1168 1405 1317 1472 cupis
1355 1405 1470 1473 ipse
1506 1405 1690 1474 iuberi,

223 1478 310 1531 Da
348 1478 651 1547 capitolinis
692 1479 966 1529 aeternum
1006 1477 1218 1529 sedibus
1257 1495 1462 1547 aurum,

227 1551 342 1614 Quo
381 1552 552 1603 niteat
591 1551 729 1603 sacri
768 1553 988 1602 centeno
1028 1549 1260 1618 pondere
1296 1551 1476 1603 uultus

227 1623 488 1693 Caesaris,
528 1626 583 1676 et
610 1623 858 1691 propriae
897 1623 1076 1692 signes
1115 1623 1348 1676 cultricis
1388 1642 1640 1678 amorem.

227 1698 314 1751 Sic
354 1714 452 1767 ego
493 1715 592 1749 nec
630 1695 818 1749 Furias
856 1714 955 1748 nec
993 1695 1255 1749 deteriora
1291 1697 1484 1750 uidebo

227 1772 454 1824 Tartara
493 1774 546 1822 et
583 1769 800 1838 Elysias
838 1769 970 1821 felix
1010 1769 1263 1822 admittar
1298 1771 1356 1822 in
1395 1770 1550 1824 oras?

225 1844 375 1897 Haec
413 1844 544 1897 dicit
581 1844 766 1895 labens
807 1843 1083 1912 sociosque
1121 1844 1461 1911 amplectitur
1499 1847 1646 1897 artus

226 1917 658 1986 Haerentemque
698 1916 935 1968 animam
955 1924 1084 1968 'non
1119 1917 1292 1969 tristis
1331 1917 1390 1970 in
1428 1935 1524 1969 ora
1561 1918 1742 1971 mariti

227 1991 524 2044 Transtulit
563 1993 617 2042 et
654 2008 778 2043 cara
816 1990 1013 2058 pressit
1051 2007 1147 2042 sua
1182 1990 1387 2042 lumina
1425 1991 1623 2043 dextra.

225 2063 303 2117 At
338 2064 548 2117 iuuenis
587 2080 784 2132 magno
821 2062 1126 2116 flammatus
1164 2066 1379 2132 pectora
1421 2063 1568 2117 luctu

226 2137 384 2190 Nunc
422 2138 611 2206 implet
649 2154 808 2190 saeuo
848 2136 1037 2189 uiduos
1076 2137 1306 2190 clamore
1344 2141 1612 2206 penates,

225 2210 384 2264 Nunc
421 2211 624 2263 ferrum
662 2211 842 2263 laxare
881 2210 1041 2278 cupit,
1077 2227 1221 2263 nunc
1259 2209 1434 2264 ardua
1461 2211 1635 2264 tendit

225 2284 292 2336 In
329 2285 448 2336 loca
486 2282 600 2352 (uix
637 2284 870 2335 retinent
907 2281 1167 2352 comites),
1203 2301 1347 2336 nunc
1384 2301 1476 2337 ore
1512 2284 1682 2354 ligato

226 2357 455 2410 Incubat
493 2357 720 2408 amissae
759 2373 1096 2425 mersumque
1133 2357 1193 2408 in
1230 2357 1388 2409 corde
1426 2357 1662 2410 dolorem

229 2428 430 2483 Saeuus
472 2429 583 2498 alit,
621 2429 791 2498 qualis
831 2431 1113 2497 conspecto
1154 2429 1394 2500 coniugis
1433 2430 1546 2500 igni

349 2725 432 2764 177
486 2719 658 2777 possim
704 2723 733 2761 0
763 2734 804 2774 a,
851 2731 965 2763 corr.
1015 2719 1187 2764 Markl.
1233 2721 1249 2776 ΙΙ
1295 2723 1378 2763 181
1420 2720 1591 2764 mestos
1634 2723 1692 2763 A:
1739 2721 1878 2766 motis

228 2780 421 2824 moestis
454 2783 482 2820 c
513 2778 663 2823 noctis
695 2782 724 2822 ς
748 2778 764 2834 ΙΙ
789 2781 870 2822 189
903 2778 973 2822 Da.
1003 2781 1053 2821 c:
1086 2778 1154 2821 De
1187 2782 1216 2822 ς
1248 2793 1276 2820 a
1305 2779 1321 2835 ΙΙ
1346 2782 1429 2823 190
1460 2778 1640 2823 niteant
1672 2779 1844 2824 Markl.
1868 2780 1884 2836 ΙΙ
1924 2798 1925 2802 ’
1950 2789 1985 2847 „²

229 2838 383 2895 signet
414 2841 443 2878 c
479 2852 519 2893 a,
552 2838 741 2881 correxi.
775 2835 908 2892 signa
934 2836 1107 2881 Markl.
1131 2837 1148 2893 ΙΙ
1171 2841 1255 2880 202
1288 2836 1374 2880 alit
1405 2836 1604 2882 Markl.:
1635 2837 1735 2894 agit
1757 2842 1829 2880 ca
1855 2840 1861 2895 1
1946 2890 1953 2899 .

230 2897 390 2953 specta
420 2896 614 2952 coniuge
645 2894 796 2951 segnis
827 2899 856 2936 c
887 2909 928 2950 a,
959 2908 1072 2941 corr.
1104 2895 1331 2939 Bar-thius
