1976 3094
634 163 980 211 THEBAIDOS
1010 163 1122 211 LIB.
1155 164 1275 211 VIII.
1696 166 1800 220 221

115 289 180 345 In
219 304 369 343 mare
406 286 516 342 fert
553 286 780 358 hiemes3
820 286 1036 356 penitus
1075 304 1282 340 cessere
1321 286 1544 356 fugatae

112 361 371 419 Nereides
411 361 661 432 dulcique
700 361 898 415 timent
935 378 1212 416 occurrere
1252 365 1440 430 ponto·

187 435 383 491 Tristis
431 438 490 490 at
525 434 650 491 inde
689 435 916 506 gradum
954 435 1110 489 tarde
1148 437 1332 489 movet
1369 434 1569 488 Inacha
1608 435 1780 504 pubes
1789 476 1803 504 ,

111 509 405 580 Praecipue
444 509 612 564 Eleae
650 508 1215 579 Lacedaemoniaeque
1255 508 1505 563 cohortes

109 585 187 641 Et
223 583 390 655 Pylii3
431 584 671 638 subitum
710 602 837 637 nam
876 575 1285 637 Thiodamanta
1315 587 1611 653 sequuntur
1716 596 1804 637 365

111 658 336 730 Augure
373 625 635 728 i'raudati,
674 658 903 712 necdum
943 675 1215 712 accessere
1256 656 1484 741 regenti.

109 731 224 787 Nec
253 733 350 787 tua
379 735 458 802 te,
492 732 743 802 princeps
773 731 1073 802 tripodum,
1116 733 1233 786 sola
1263 731 1485 803 agmina
1516 735 1804 801 quaerunt:

110 805 322 862 Cuncta
360 806 598 876 phalanx
639 806 745 860 sibi
783 806 968 861 deesse
1008 809 1187 876 putat3
1227 806 1406 859 minor
1436 805 1531 858 ille
1562 823 1659 875 per
1691 805 1806 860 alas

111 878 382 951 Septimus
423 883 573 935 extat
611 898 762 950 apex.
839 879 1067 950 Liquido
1106 880 1257 933 velut
1296 880 1512 933 aethere
1551 880 1723 934 nubes

109 954 299 1009 Invida
337 953 643 1008 Parrhasiis
682 972 849 1008 unum
890 954 937 1008 si
976 954 1228 1009 detrahat
1267 954 1450 1022 astris,
1486 980 1494 987 ·
1718 966 1806 1008 370

41 1095 42 1098 Ἴ
113 1028 357 1082 Truncus
395 1028 572 1082 honor
608 1029 865 1099 plaustri,
904 1046 1002 1082 nec
1041 1028 1184 1082 idem
1223 1028 1367 1099 riget
1405 1028 1531 1098 igne
1570 1029 1744 1082 reciso

114 1102 271 1172 Axis,
311 1105 366 1156 et
405 1102 600 1157 incerti
638 1106 925 1156 numerant
962 1120 1060 1156 sua
1099 1102 1278 1156 sidera
1316 1104 1530 1155 nautae.

188 1175 292 1231 Sed
332 1175 443 1230 iam
480 1176 629 1231 bella
666 1180 885 1231 vocant:
926 1176 1062 1230 alias
1100 1194 1241 1230 nova
1281 1192 1511 1246 suggere
1550 1176 1693 1230 vires
1704 1217 1718 1244 ,

111 1249 381 1320 Calliope,
419 1251 709 1321 maiorque
739 1251 932 1320 chelyn
969 1250 1104 1304 mihi
1143 1250 1333 1304 tendat
1373 1250 1587 1319 Apollo.

113 1324 360 1378 Fatalem
400 1324 618 1394 populis
658 1325 804 1378 ultro
844 1325 1190 1396 poscentibus
1231 1323 1424 1378 horam
1716 1337 1803 1378 375

113 1399 386 1452 Admovet
423 1401 544 1453 atra
581 1399 719 1468 dies,
759 1397 1078 1469 Stygiisque
1118 1398 1318 1452 emissa
1355 1398 1593 1451 tenebris

112 1472 262 1526 Mors
300 1471 500 1526 fruitur
539 1473 689 1527 caelo
730 1473 1159 1557 bellatoremque
1198 1472 1434 1526 volando

111 1544 377 1616 Campum
415 1546 593 1616 operit
628 1547 891 1617 nigroque
930 1547 1076 1601 viros
1116 1547 1315 1600 invitat
1354 1546 1533 1614 hiatu,

111 1619 208 1675 Nil
246 1620 468 1690 vulgare
506 1620 714 1691 legens:
756 1621 848 1674 sed
865 1639 1036 1706 quae·
1064 1620 1386 1691 dignissima
1424 1621 1539 1673 vita

113 1693 349 1760 Funera,
388 1693 709 1765 praecipuos
751 1695 908 1748 annis
949 1695 1252 1764 animisque
1291 1697 1514 1748 cruento
1718 1708 1804 1748 380

113 1766 310 1838 Ungue
332 1770 510 1838 notat3
534 1768 749 1838 iamque
775 1769 832 1822 in
855 1769 1083 1823 miseros
1109 1787 1337 1838 pensum
1363 1786 1520 1821 omne
1549 1766 1805 1822 Sororum

118 1839 414 1910 Scinditur,
453 1845 508 1896 et
544 1841 740 1896 Furiae
779 1846 1076 1913 rapuerunt
1114 1843 1238 1897 licia
1277 1841 1475 1896 Parcis

120 1914 241 1969 Stat
279 1915 487 1973 medius
528 1917 734 1986 campis
775 1918 1084 1970 etiamnunc
1123 1916 1340 1986 cuspide
1381 1917 1524 1970 sicca

115 1987 453 2058 Bellipotens
462 2030 478 2058 ,
519 1990 735 2060 iamque
773 1989 875 2044 hos
915 1991 1172 2059 clipeum,
1217 1991 1327 2043 iam
1365 1991 1531 2044 vertit
1570 1991 1640 2044 ad
1678 1991 1806 2045 illos

117 2063 288 2116 Arma
327 2063 494 2132 cienS,
534 2063 821 2133 aboletque
860 2063 1070 2133 domOS,
1109 2063 1361 2133 conubia,
1399 2068 1574 2118 natos.
1720 2079 1807 2119 385

117 2136 347 2190 Pellitur
387 2139 444 2190 et
480 2137 690 2206 patriae
730 2141 810 2207 et,
848 2138 942 2208 qui
980 2141 1161 2191 mente
1201 2137 1530 2191 novissimus
1571 2138 1704 2206 exit,

117 2210 278 2264 Lucis
318 2228 490 2280 amor3
530 2214 680 2265 tenet
718 2212 774 2264 in
814 2211 1018 2280 capulis
1057 2211 1337 2282 hastisque
1376 2215 1595 2280 paratas

117 2285 209 2338 Ira
247 2302 464 2354 manus,
505 2284 822 2355 animusque
860 2287 1007 2339 ultra
1044 2286 1296 2339 thoracas
1338 2285 1565 2338 anhelus

119 2357 382 2428 Oonatur,
422 2359 715 2428 galeaeque
754 2364 996 2413 tremunt
1033 2360 1257 2413 horrore
1298 2377 1588 2413 comarum.

118 2431 256 2495 Quid
286 2432 486 2485 mirum
518 2433 747 2486 caluisse
778 2434 961 2487 viros?
994 2434 1339 2488 flammantur
1371 2434 1429 2486 in
1458 2434 1675 2488 hostem
1714 2448 1807 2489 390

238 2597 324 2637 365
364 2594 584 2637 secuntur
629 2597 661 2636 P
707 2592 962 2649 loquuntur
999 2594 1228 2639 Barthius
1263 2597 1279 2651 Η
1318 2599 1403 2639 371
1451 2594 1574 2651 riget
1609 2599 1643 2636 P
1688 2594 1812 2639 nitet

118 2652 291 2756 ceteriu
314 2656 369 2697 37
374 2656 401 2696 8
432 2651 627 2696 investit
658 2652 834 2698 amictu
865 2653 1167 2709 Wakefieldus
1197 2652 1311 2697 viris
1344 2666 1394 2697 se
1426 2652 1646 2696 immittit
1676 2653 1812 2698 hiatu

320 2724 424 2757 erus
454 2710 619 2755 invisit
647 2710 781 2756 hiatu
804 2713 1116 2762 Baehrensius
1139 2714 1153 2769 [l
1179 2717 1262 2757 381
1294 2711 1460 2769 Angue
1484 2713 1611 2757 codd.
1645 2713 1811 2770 Ungue

339 2771 518 2816 arthius
555 2772 570 2828 ΙΙ
609 2775 694 2815 383
742 2771 998 2816 etiamnum
1041 2776 1127 2815 ΒΕ
1164 2774 1180 2829 ΙΙ
1219 2776 1307 2817 384
1356 2771 1544 2838 iamque
1588 2771 1813 2817 hostilem

121 2826 326 2894 clipeum
363 2834 397 2873 P
443 2844 507 2874 an
555 2831 789 2887 leyendum
834 2831 1031 2887 iamque
1067 2831 1153 2874 hos
1200 2831 1367 2886 telum,
1422 2830 1519 2874 iam
1563 2830 1707 2875 vertit
1752 2831 1813 2876 ad

122 2883 262 2932 illos?
284 2889 302 2947 ΙΙ
325 2893 412 2935 388
438 2889 708 2946 animosque
733 2894 765 2932 P
793 2891 799 2946 Ι
828 2890 1020 2935 anhelos
1037 2895 1069 2933 P
1096 2890 1357 2945 animisque
1382 2889 1561 2934 anhelis
1586 2890 1814 2937 Barthius
