1988 3106
141 126 208 182 72
752 124 801 168 P.
833 123 1064 167 PAPINn
1095 122 1293 167 sTA'rn

138 246 404 298 Prouocat
443 247 498 296 et
537 243 713 312 dignis
751 243 950 294 inuitat
986 241 1208 295 Pallada
1243 242 1473 311 templis.

138 319 254 372 Iam
292 318 530 386 placidae
572 317 703 368 dant
742 316 897 385 signa
934 315 1110 384 tubae,
1147 315 1257 368 iam
1292 315 1527 368 fortibus
1569 316 1759 368 ardens
1960 365 1967 383 ,,

138 392 335 444 Fumat
371 391 574 442 harena
614 389 790 441 sacris
851 389 950 441 hos
990 406 1089 441 nec
1125 387 1343 441 Pisaeus
1381 389 1612 442 honores
1822 388 1907 442 140
1962 388 1968 415 “’

138 465 379 534 Iuppiter
418 466 512 516 aut
551 461 787 530 Cyrrhae
824 466 979 530 pater
1017 466 1328 530 aspernetur
1365 479 1578 530 opacae.

138 537 231 590 Nil
270 538 354 589 his
394 538 548 589 triste
587 536 740 604 locis3
781 535 936 587 cedat
973 535 1317 595 lacrimabilis
1354 534 1607 604 Isthmos,

142 610 310 664 Cedat
349 613 502 662 atrox
541 607 762 660 Nemee:
801 608 924 660 litat
960 608 1048 660 hic
1083 609 1293 661 felicior
1329 608 1525 660 infans,

137 684 293 752 Ipsae
332 682 589 751 pumiceis
628 681 824 733 uirides
861 679 1119 734 Nereides
1157 678 1346 734 antris

137 757 382 809 Exiliunt
419 757 560 807 ultro
601 755 937 823 scopulisque
975 755 1279 807 umentibus
1318 754 1561 823 haerent3
1823 767 1906 805 145
1947 821 1951 825 ⁵

138 830 251 883 Nec
290 830 456 897 pudet
494 829 696 880 occulte
735 828 907 880 nudas
947 830 1188 896 spectare
1227 828 1538 896 palaestras,

140 902 358 971 Spectat
396 904 450 954 et
486 901 658 954 Icario
697 919 1009 953 nemorosus
1048 901 1269 969 palmite
1307 900 1516 953 Gaurus

140 976 407 1044 Siluaque,
447 993 582 1043 quae
620 975 783 1026 fixam
820 974 1012 1043 pelago
1051 972 1251 1026 Nesida
1288 977 1526 1042 coronat,

137 1049 212 1101 Et
249 1048 488 1117 placidus
527 1047 724 1099 Limon
757 1065 1016 1115 omenque
1054 1047 1299 1116 Euploea
1336 1047 1532 1100 carinis
1942 1098 1945 1099 ⁷

138 1123 212 1174 Et
249 1122 479 1174 Lucrina
517 1120 724 1190 Uenus,
762 1120 1132 1189 Phrygiasque
1171 1138 1199 1173 e
1237 1121 1437 1173 uertice
1475 1119 1636 1172 Graio
1823 1131 1907 1172 150
1944 1181 1962 1190 ..

138 1196 434 1263 Admisces,
472 1193 692 1260 Misene,
731 1194 907 1261 tubaS,
945 1194 1186 1262 ridetque
1223 1194 1461 1262 benigna
1944 1191 1961 1209 ²

139 1269 478 1336 Parthenope
518 1268 716 1336 gentile
756 1285 966 1319 sacrum
1004 1267 1279 1335 nudosque
1317 1267 1556 1320 uirorum

140 1341 386 1394 Certatus
426 1344 481 1392 et
516 1359 686 1408 parua
725 1357 850 1392 suae
890 1340 1174 1392 simulacra
1212 1357 1454 1392 coronae.
1942 1387 1943 1390 ,

141 1415 282 1477 Quin
322 1431 421 1483 age
461 1416 514 1465 et
551 1415 666 1481 ipse
703 1412 876 1465 libens
915 1413 1121 1481 proprii
1159 1414 1466 1465 certaminis
1507 1415 1655 1465 actus

138 1488 353 1540 Inuicta
391 1487 614 1555 dignare
653 1504 839 1553 manu3
880 1504 972 1537 seu
1011 1486 1198 1538 nubila
1236 1485 1380 1538 disco
1821 1488 1934 1538 155

138 1561 366 1613 Findere
407 1578 499 1611 seu
538 1559 780 1612 uolucres
820 1557 1093 1626 Zephyros
1132 1559 1444 1627 praecedere
1482 1559 1591 1611 telo

141 1633 246 1687 Seu
285 1633 386 1686 tibi
426 1633 577 1684 dulce
616 1650 781 1684 manu
817 1632 1047 1700 liquidas
1084 1631 1285 1688 nodare
1325 1633 1644 1700 palaestras,

138 1706 363 1775 Indulge
404 1706 569 1758 sacris
609 1707 676 1773 et,
716 1705 761 1756 si
798 1705 900 1756 tibi
938 1723 1102 1773 poma
1141 1709 1430 1772 supersunt

139 1779 511 1848 Hesperidum,
551 1778 754 1847 gremio
794 1778 1116 1830 uenerabilis
1154 1778 1338 1846 ingere
1376 1778 1583 1846 Pollae3
1929 1826 1944 1846 b,

140 1853 282 1906 Nam
322 1852 466 1920 capit
506 1854 558 1903 et
594 1854 808 1903 tantum
845 1869 956 1903 non
993 1851 1340 1920 degenerabit
1377 1851 1649 1904 honorem.
1822 1845 1943 1917 16οἒ

141 1925 295 1988 Quod
333 1926 378 1977 si
418 1925 568 1977 dulce
607 1924 764 1977 decus
803 1924 1104 1993 uiridesque
1141 1927 1435 1976 resumeret
1472 1943 1657 1993 annOS,

140 1999 225 2051 Da
262 1999 493 2066 ueniam,
531 1997 733 2065 Alcide,
770 1997 882 2049 fors
921 1997 1045 2049 huic
1083 1999 1137 2048 et
1173 2015 1339 2065 pensa
1374 1998 1606 2051 tulisses

131 2072 287 2129 Haec
326 2088 425 2140 ego
464 2073 748 2123 nascentes
786 2071 960 2122 laetus
999 2070 1290 2123 bacchatus
1333 2070 1400 2123 ad
1441 2089 1560 2123 aras

138 2146 455 2198 Libamenta
493 2144 608 2197 tuli.
668 2161 811 2196 nunc
849 2144 1025 2211 ipsum
1063 2144 1120 2196 in
1157 2144 1340 2196 limine
1380 2162 1538 2196 cerno

262 2351 343 2390 139
385 2347 481 2390 iam
510 2344 770 2389 insontibus
806 2344 978 2388 Markl.
1018 2345 1034 2400 ΙΙ
1074 2349 1156 2388 143
1189 2358 1373 2389 nemees
1405 2349 1434 2386 0
1463 2360 1492 2388 ει
1528 2348 1544 2403 ΙΙ
1586 2352 1668 2391 144
1697 2348 1928 2403 puniceis
1926 2342 1933 2347 '⁴

139 2406 202 2448 A*
228 2410 269 2460 0,
302 2418 414 2449 corr.
449 2408 477 2447 ς
502 2405 518 2459 ΙΙ
546 2408 626 2447 145
654 2402 898 2459 scopulisq.
929 2404 1103 2446 ument.
1133 2403 1320 2458 scripsi:
1352 2404 1554 2459 scopulis
1585 2405 1789 2451 hument.
1815 2411 1853 2449 A
1877 2412 1910 2449 0

139 2466 188 2508 et
218 2463 418 2519 scopulis
449 2463 657 2506 hument
690 2462 787 2506 edd
821 2461 1067 2504 uuentibus
1099 2460 1362 2505 Gronouius
1383 2463 1400 2517 ΙΙ
1435 2466 1518 2505 148
1553 2478 1670 2519 quae
1705 2465 1920 2509 cinctam
1926 2469 1936 2479 '⁴

140 2523 313 2567 .Mar.kl
338 2523 353 2577 ΙΙ
378 2526 461 2564 149
495 2520 659 2564 Limon
691 2533 914 2574 omenque
948 2519 1159 2563 Guietus:
1197 2519 1308 2563 limo
1339 2535 1601 2576 numenque
1633 2527 1661 2564 0
1685 2538 1711 2564 a
1741 2523 1906 2568 Limon

138 2594 399 2636 numenque
439 2579 573 2625 Dom.
612 2580 627 2634 ΙΙ
668 2583 751 2622 150
792 2578 1087 2634 Phrygioque
1128 2591 1152 2622 e
1189 2580 1304 2622 uert.
1339 2578 1501 2623 Graias
1541 2585 1569 2622 0
1600 2596 1639 2636 a,
1685 2584 1860 2626 correxi
1889 2583 1927 2641 ξ’
1926 2584 1949 2634 ’ζ

141 2645 222 2683 151
240 2639 478 2682 Admisces
493 2638 679 2693 scripsi.-
701 2636 924 2680 Addisces
947 2640 985 2678 A
1002 2641 1029 2678 0
1045 2635 1272 2680 Adsciscis
1292 2637 1464 2682 Markl.
1489 2638 1504 2693 ΙΙ
1530 2643 1613 2683 156
1629 2615 1949 2696 praecedere

138 2703 165 2740 0
198 2713 244 2740 a:
276 2698 569 2754 praeuertere
599 2697 738 2751 uulyo
760 2697 776 2751 ΙΙ
802 2700 883 2739 157
912 2694 1114 2750 liquidas
1148 2695 1346 2741 Markls
1381 2696 1559 2751 libycas
1588 2702 1616 2738 0
1644 2714 1671 2740 a
1698 2701 1704 2753 Ι
1731 2699 1905 2743 nodare

136 2760 227 2800 AG:
264 2756 439 2799 nudare
462 2759 489 2798 ς
514 2757 529 2811 ΙΙ
555 2760 638 2798 160
665 2755 864 2810 degener
886 2753 1034 2797 ambit
1057 2753 1364 2798 Gronouiusl
1349 2761 1365 2810 ᾖς
1400 2759 1483 2798 162
1508 2754 1615 2799 hinc
1633 2761 1660 2798 0
1677 2772 1716 2810 a,
1741 2756 1817 2802 hic
1833 2771 1887 2802 ue

135 2815 244 2859 huic
277 2819 304 2858 ς
329 2815 345 2870 ΙΙ
370 2819 452 2858 163
490 2814 666 2858 laetum
696 2813 921 2856 Barthius
951 2813 967 2868 ΙΙ
1000 2817 1083 2855 164
1113 2812 1265 2869 ipsum
1294 2813 1451 2858 Dom.:
1490 2813 1587 2869 ipse
1619 2818 1656 2857 A
1689 2820 1717 2857 0
1746 2815 1847 2873 ipso
1874 2818 1927 2861 ς

1914 2950 1944 3106 i}
