2020 3106
221 130 294 182 30
793 129 843 175 P.
877 129 1107 174 PAPINII
1138 129 1340 175 STATII

221 249 340 301 ‘Ille
373 267 472 319 ego
508 249 660 318 (quid
691 248 1006 320 trepidas?),
1038 250 1283 319 genitum
1314 269 1473 320 quem
1506 253 1719 305 caerula
1742 255 1921 305 mater

220 323 415 376 Peneis
457 325 607 376 silvis
647 324 970 392 nivibusque
1009 324 1238 377 immisit
1276 325 1530 378 alendum
1830 338 1917 379 651

219 396 561 450 Thessalicis,
608 396 724 450 Nec
764 415 864 468 ego
904 397 1004 450 hos
1046 398 1223 451 cultus
1263 401 1357 451 aut
1393 400 1551 452 foeda
1590 400 1855 453 subissem

219 470 504 541 Tegmina,
542 472 599 523 ni
637 472 813 540 primo
852 474 907 523 te
946 472 1064 524 visa
1102 472 1158 524 in
1198 472 1380 526 litore:
1421 473 1560 526 cessi

219 544 294 597 Te
334 549 580 615 propter,
619 546 722 598 tibi
761 564 930 614 pensa
968 564 1159 616 manu,
1197 546 1302 599 tibi
1340 547 1528 599 mollia
1569 551 1725 619 gesto

219 618 516 688 Tympana.
579 618 718 680 Quid
743 619 905 671 defles
930 637 1132 690 magno
1164 638 1330 672 nurus
1363 621 1547 674 addita
1576 621 1784 691 ponto?
1825 635 1910 676 655

219 691 360 754 Quid
400 694 573 764 gemis
613 694 864 764 ingentes
905 694 1054 746 caelo
1093 694 1338 762 paritura
1374 695 1639 764 nepotes?

218 764 322 825 Sed
360 771 517 837 pater
554 786 650 819 ——:
691 770 817 820 ante
856 767 976 836 igni
1013 767 1262 837 ferroque
1304 769 1483 822 excisa
1521 770 1722 823 iacebit

219 839 417 909 Scyros
460 844 514 893 et
553 841 610 894 in
649 841 883 893 tumidas
923 841 1082 893 ibunt
1120 841 1254 894 haec
1292 861 1451 895 versa
1490 844 1757 912 procellas

215 913 452 985 Moenia,
493 934 655 985 quam
697 933 857 968 saevo
898 933 1019 968 mea
1056 919 1119 968 tu
1157 916 1387 970 conubia
1423 918 1628 986 pendas

215 988 446 1042 Funere:
485 1008 597 1042 non
638 989 771 1042 adeo
812 990 1121 1058 parebimus
1164 991 1346 1043 omnia
1385 990 1586 1043 matri?
1827 1006 1912 1046 660

219 1063 410 1128 [Vade,
449 1065 538 1116 sed
573 1067 798 1131 ereptum
837 1063 960 1116 celes
1000 1068 1262 1131 taceasque
1288 1062 1575 1135 pudorem]

366 1136 648 1206 Obstipuit
685 1137 854 1190 tantis
893 1138 1083 1207 regina
1122 1138 1379 1191 exterrita
1417 1139 1697 1207 monstris,

217 1210 555 1281 Quamquam
595 1211 726 1263 olim
766 1215 1017 1279 suspecta
1055 1212 1187 1265 fides
1228 1215 1282 1264 et
1322 1213 1619 1265 comminus
1659 1213 1839 1282 ipsum

214 1285 444 1338 Horruit
485 1288 539 1338 et
576 1285 743 1337 facies
783 1285 1015 1337 multum
1054 1289 1267 1339 mutata
1303 1286 1540 1339 fatentis.

217 1358 357 1422 Quid
396 1359 598 1412 faciat?
640 1377 867 1412 casusne
908 1378 1034 1412 suos
1073 1359 1214 1413 ferat
1253 1361 1373 1429 ipsa
1412 1360 1664 1429 parenti?
1827 1374 1911 1414 665

216 1431 389 1502 Seque
431 1434 592 1486 simul
631 1433 982 1503 iuvenemque
1020 1437 1257 1503 premat,
1294 1434 1543 1487 fortassis
1584 1435 1805 1488 acerbas

213 1506 526 1560 Hausurum
564 1507 805 1575 poenas?
881 1507 956 1560 Et
996 1507 1168 1560 adhuc
1206 1509 1264 1560 in
1302 1508 1459 1561 corde
1499 1509 1756 1561 manebat

212 1580 311 1650 Ille
352 1581 442 1633 diu
480 1581 737 1650 deceptus
777 1599 953 1634 amor:
986 1582 1111 1634 silet
1150 1599 1313 1651 aegra
1350 1582 1654 1651 premitque

212 1655 331 1710 Iam
371 1675 653 1710 commune
692 1655 867 1724 nefas3
907 1674 1071 1710 unam
1109 1655 1288 1724 placet
1327 1655 1520 1708 addere
1558 1655 1721 1708 furtis

213 1730 480 1784 Altricem
520 1731 747 1798 sociam,
793 1730 1042 1799 precibus
1083 1747 1219 1798 quae
1256 1728 1406 1782 victa
1444 1730 1673 1782 duorum
1825 1742 1918 1782 670-

213 1805 437 1857 Adnuit.
511 1804 620 1857 Illa
659 1808 782 1857 astu
819 1804 988 1856 tacito
1028 1806 1354 1872 raptumque
1393 1803 1654 1872 pudorem

217 1877 647 1948 Surgentemque
682 1881 895 1930 uterum
927 1881 1088 1946 atque
1122 1894 1312 1947 aegros
1343 1877 1402 1930 in
1432 1877 1669 1946 pondere
1700 1894 1913 1929 menses

215 1952 485 2020 Occuluit,
524 1952 702 2021 plenis
742 1952 910 2004 donec
951 1954 1097 2004 stata
1134 1955 1384 2020 tempora
1422 1951 1582 2003 metis

213 2026 421 2079 Attulit
460 2029 514 2079 et
549 2028 739 2095 partus
778 2026 937 2079 index
975 2024 1181 2078 Lucina
1218 2025 1457 2078 resolvit.

335 2222 421 2262 650
475 2216 687 2275 genitum
726 2222 843 2270 ApD
890 2215 1173 2260 Schraderus
1211 2214 1375 2272 genuit
1420 2218 1538 2257 ent
1572 2215 1588 2271 ΙΙ
1628 2217 1712 2258 651
1745 2213 1911 2258 Peneis

213 2276 338 2320 P0G2
383 2275 658 2320 Paeneiouis
690 2280 723 2318 P
768 2275 965 2319 Peneios
988 2275 1126 2319 Leid.
1151 2288 1229 2330 pr.
1260 2289 1318 2318 m.
1365 2274 1542 2317 Peneos
1574 2288 1600 2326 p
1649 2272 1820 2316 Pelleis
1867 2275 1909 2314 Η

214 2335 415 2381 Peliacis
447 2337 544 2380 edd.
598 2335 764 2379 Nescio
797 2349 860 2378 an
889 2334 1177 2379 scribendum
1207 2333 1268 2376 sit
1297 2331 1569 2377 Haemoniis
1601 2332 1697 2375 coll.
1730 2345 1798 2375 vv.
1832 2335 1908 2375 98.

212 2398 326 2440 229.
358 2398 462 2439 476.
505 2397 600 2439 627
629 2407 691 2450 sq.
740 2395 791 2437 id
821 2394 941 2449 quod
971 2394 1067 2437 cod.
1107 2392 1444 2448 Lindenbroyii
1474 2391 1651 2435 exhibet
1685 2391 1702 2446 ΙΙ
1741 2394 1825 2434 653
1858 2389 1908 2433 ni

215 2469 240 2499 e
271 2453 423 2510 primo
454 2455 502 2497 te
535 2453 635 2497 vias
666 2457 699 2495 P
722 2455 737 2509 ΙΙ
762 2457 846 2496 656
879 2465 1036 2508 gemes
1066 2455 1099 2493 P
1121 2452 1139 2506 ss
1163 2455 1247 2495 657
1282 2451 1374 2494 Sed
1396 2451 1533 2508 pater
1562 2476 1622 2482 —
1651 2449 1773 2492 Ante
1809 2448 1910 2506 igni

214 2513 432 2557 distinaeit
455 2526 555 2556 cum
571 2512 770 2555 Barthio
797 2512 1016 2555 Menkius
1034 2509 1126 2554 Sed
1150 2511 1283 2566 pater
1308 2511 1417 2554 ante
1441 2508 1555 2566 igni,
1573 2509 1788 2564 ferroque
1809 2508 1908 2552 edd.

224 2572 315 2616 Sed
354 2570 511 2628 patria
542 2575 577 2612 G
609 2571 741 2615 Leid.
767 2575 819 2614 ut
848 2571 1136 2614 scribendum
1160 2569 1363 2613 censebat
1386 2568 1610 2614 Heinsius
1633 2569 1648 2623 ΙΙ
1673 2571 1757 2611 659
1789 2580 1903 2623 pen-

215 2631 298 2674 das
323 2631 692 2675 Sandstroemius
724 2644 825 2674 cum
856 2630 951 2673 cod.
972 2629 1308 2684 Isindenbroyii
1336 2627 1503 2684 perdas
1533 2626 1662 2682 ΛΜΗ
1693 2630 1778 2670 661
1810 2638 1908 2669 ver-

214 2703 316 2733 sum
346 2691 562 2733 omittunt
591 2688 769 2743 PG2pH
801 2688 932 2734 Leid.
954 2702 1027 2744 pr.
1053 2702 1127 2741 on„
1159 2689 1291 2731 uncis
1320 2687 1490 2730 inclusi
1511 2687 1527 2742 ΙΙ
1552 2690 1635 2730 673
1661 2683 1909 2741 plenisque·

214 2752 246 2790 P
270 2750 285 2804 Ι]
310 2754 397 2793 674
423 2748 629 2793 Plurimi
651 2749 823 2792 codices
846 2752 979 2803 atque
1002 2747 1219 2791 editiones
1235 2750 1421 2802 praeter
1449 2744 1905 2800 Lindenbroyianam

215 2811 257 2852 et
290 2806 571 2851 Gruceanam
601 2807 694 2862 fere
725 2820 874 2851 omnes
903 2807 985 2850 hoc
1013 2819 1146 2850 versu
1177 2806 1346 2849 librum
1369 2805 1574 2860 primum
1604 2803 1798 2857 finiunt,
1838 2815 1906 2845 co·

216 2867 336 2910 dices
388 2867 560 2910 novicii
598 2871 730 2922 atque
772 2867 988 2911 editiones
1035 2865 1175 2909 Lind.
1232 2868 1274 2908 et
1329 2863 1459 2908 Orno.
1516 2863 1682 2906 librum
1706 2912 1707 2916 Ἰ
1727 2861 1909 2905 tertium
