1976 3094
667 155 1007 203 THEBAIDOS
1039 155 1150 203 LIB.
1185 157 1240 203 V.
1693 157 1800 211 125

107 279 334 345 Quaerit
371 281 428 335 et
463 279 690 350 indigno
728 297 841 334 non
880 278 1046 333 solvit
1084 277 1339 333 bracchia
1376 278 1532 333 collo.

15 411 17 415 ,
55 411 57 421 ,
104 353 235 410 Non
273 370 375 426 ego
412 370 555 408 nunc
595 352 747 424 vulgi
787 371 1114 424 quamquam
1154 352 1392 407 crudelia
1429 353 1664 423 pandam

16 478 35 495 ¹.
105 428 343 499 Funera,
381 427 475 483 sed
513 428 735 498 propria
772 427 950 482 luctus
992 427 1056 480 de
1097 427 1267 497 stirpe
1305 427 1578 482 recordor:

106 502 262 567 Quod
299 505 376 572 te,
413 502 550 557 flave
589 501 799 572 Cydon,
837 501 980 572 quod
1019 505 1074 554 te
1112 519 1208 571 per
1247 501 1391 556 colla
1427 502 1621 556 refusis
1711 514 1800 555 220

105 576 402 646 Intactum,
442 575 702 647 Crenaee,
742 576 911 631 comis
952 573 1171 647 (quibus
1211 576 1379 630 ubera
1419 594 1629 630 mecum

24 649 26 661 ἦ
106 649 509 722 Obliquumque
541 670 573 706 a
602 654 757 721 patre
797 650 992 721 genus)
1034 650 1357 720 fortemque,
1396 650 1658 704 timebam

107 724 277 789 Quem
318 724 606 795 desponsa,
647 724 808 795 Gyan
846 725 959 779 vidi
998 724 1211 794 lapsare
1252 727 1506 779 cruentae

104 798 344 854 Vulnere
383 798 778 869 Myrmidones,
818 798 1068 870 quodque
1109 800 1251 852 inter
1291 803 1437 853 serta
1475 805 1731 869 torosque

105 871 350 928 Barbara
389 873 664 928 ludentem
704 873 947 928 fodiebat
985 872 1212 943 Epopea
1252 877 1440 927 mater.
1712 885 1798 925 225

103 946 228 1002 Flet
266 966 426 1019 super
466 966 797 1019 aequaevum
838 966 991 1002 soror
1032 951 1309 1002 exarmata
1346 946 1579 1018 Lycaste
1669 963 1673 966 ·

104 1020 391 1093 Cydimon,
429 1022 535 1077 heu
574 1022 777 1077 similes
817 1022 1059 1093 perituro
1098 1021 1155 1075 in
1194 1039 1419 1091 corpore
1458 1022 1642 1075 vultus

105 1094 388 1166 Aspiciens
427 1096 724 1168 floremque
765 1113 937 1167 genae
976 1099 1031 1149 et
1069 1114 1202 1167 quas
1243 1096 1475 1149 finxerat
1513 1114 1644 1149 auro

104 1169 236 1240 Ipsa
271 1188 471 1242 comas,
509 1190 631 1226 cum
671 1189 831 1226 saeva
870 1189 1065 1240 parens
1105 1171 1215 1223 iam
1255 1170 1482 1239 coniuge
1521 1170 1643 1223 fuso

106 1243 339 1299 Adstitit
375 1245 719 1316 impellitque
758 1246 921 1299 minis
966 1248 1127 1316 atque
1166 1244 1358 1298 inserit
1397 1262 1595 1298 ensem.
1715 1256 1801 1296 230

104 1317 185 1373 Ut
222 1318 360 1388 fera,
400 1338 537 1390 quae
575 1321 782 1373 rabiem
822 1319 1037 1388 placido
1078 1319 1302 1372 desueta
1341 1319 1604 1389 magistro

107 1391 336 1447 Tardius
376 1412 528 1448 arma
566 1397 750 1448 movet
789 1393 1131 1463 stimulisque
1172 1396 1227 1446 et
1266 1393 1488 1446 verbere
1526 1392 1714 1447 crebro

60 1463 61 1466 '
104 1465 171 1520 In
208 1485 386 1521 mores
423 1471 590 1538 negat
626 1468 703 1521 ire
743 1485 891 1535 suOS,
933 1468 1010 1520 sic
1049 1467 1145 1520 illa
1183 1467 1382 1521 iacenti

105 1540 304 1595 Incidit
341 1542 740 1613 undantemque
781 1542 905 1595 sinu
943 1542 1201 1611 conlapsa
1239 1559 1485 1595 cruorem

105 1613 327 1686 Excipit
366 1619 422 1670 et
458 1617 665 1671 laceros
703 1617 902 1686 premit
941 1616 997 1669 in
1034 1634 1179 1670 nova
1218 1616 1442 1669 vulnera
1479 1615 1671 1668 crinea.
1713 1627 1800 1667 235

105 1687 185 1743 Ut
222 1707 349 1744 vero
388 1690 704 1745 Alcimeden
742 1691 1050 1744 etiamnunc
1089 1708 1363 1743 murmure
1401 1693 1596 1743 trunco

106 1761 270 1817 Ferre
308 1765 478 1834 patris
516 1765 695 1820 vultus
735 1769 791 1818 et
830 1767 1081 1835 egentem
1121 1764 1407 1835 sanguinis
1447 1782 1631 1817 ensem

109 1834 406 1908 Conspexi,
443 1839 658 1909 riguere
696 1857 882 1894 comae
922 1843 1084 1908 atque
1123 1838 1180 1891 in
1217 1838 1428 1893 viscera
1468 1856 1660 1892 saevus

110 1910 322 1965 Horror
360 1912 450 1966 iit:
489 1931 640 1968 meus
677 1913 772 1967 ille
807 1913 1011 1982 Thoas,
1050 1931 1171 1966 mea
1210 1913 1329 1966 dira
1360 1913 1532 1967 videri

106 1984 314 2039 Dextra
353 1986 510 2040 mihi!
565 1987 859 2057 Extemplo
891 1987 1150 2040 thalamis
1182 1988 1404 2041 turbata
1434 1986 1679 2056 paternis
1716 1999 1803 2039 240

108 2058 333 2113 Inferor.
407 2059 508 2113 Ille
548 2062 765 2132 quidem
802 2061 1002 2114 dudum
1042 2060 1187 2131 (quis
1227 2078 1428 2131 magna
1465 2061 1644 2115 tuenti

109 2131 402 2205 Somnus?)
444 2135 561 2205 agit
597 2153 821 2190 versans
863 2153 1067 2203 secum,
1106 2134 1211 2188 etsi
1249 2135 1365 2188 lata
1402 2136 1626 2188 recessit

109 2205 260 2262 Urbe
297 2207 488 2262 domus
499 2251 513 2278 ,
553 2210 771 2280 quinam
808 2209 1088 2278 strepitus,
1129 2226 1265 2279 quae
1297 2227 1575 2262 murmura
1605 2209 1781 2262 noctis
1792 2251 1806 2278 ,

110 2278 222 2334 Cur
260 2281 604 2338 fremibunda
642 2283 830 2354 quies?
894 2282 1126 2353 Trepido
1168 2283 1342 2336 scelus
1382 2283 1568 2337 ordine
1605 2283 1805 2352 pando,

230 2475 317 2516 221
357 2484 523 2534 crenee
560 2477 660 2517 Prb
698 2475 716 2531 ΙΙ
751 2478 841 2518 224
874 2472 1191 2531 myrmidones
1222 2478 1256 2516 P
1287 2473 1595 2532 myrmidonis
1627 2476 1761 2520 ceteri

28 2569 43 2602 ·‚·
111 2542 342 2587 quemque
385 2533 492 2578 mal.
544 2530 804 2579 Gronovius
849 2535 865 2590 ΙΙ
910 2538 997 2579 228
1043 2532 1209 2578 fixerat
1241 2538 1275 2576 P
1311 2535 1466 2592 (apud
1515 2535 1803 2588 Muellerum,

30 2625 45 2699 ἶ
110 2648 313 2705 equidem
361 2651 482 2695 nihil
526 2651 770 2706 adnotavi)
812 2657 846 2695 r
887 2651 1070 2697 vixerat
1108 2657 1150 2695 H
1195 2655 1210 2710 ῃ
1253 2657 1340 2697 230
1386 2629 1554 2698 inserit
1590 2658 1623 2696 P
1657 2653 1695 2711 γ.
1736 2652 1805 2696 in-

32 2718 36 2769 3
110 2707 235 2764 gerit
261 2712 295 2752 P
331 2722 474 2766 marq.
514 2711 529 2767 ΙΙ
567 2715 650 2754 231
700 2709 880 2756 rabiem
924 2711 1114 2770 placido
1152 2716 1230 2755 PG
1282 2711 1415 2756 rabie
1456 2712 1644 2769 placido
1690 2712 1804 2758 Belo.

110 2764 302 2824 placido
343 2768 525 2814 rabiem
554 2768 746 2813 Be²sn
782 2772 799 2828 ΙΙ
836 2776 922 2816 232
960 2774 1007 2816 et
1045 2785 1129 2816 om.
1161 2775 1193 2813 P
1231 2773 1247 2827 11
1285 2777 1373 2817 236
1413 2771 1600 2816 alciden
1628 2776 1661 2814 P
1693 2771 1806 2816 alci-

110 2825 283 2871 medon
317 2827 428 2874 Beh.
473 2831 480 2886 Ι
522 2828 791 2874 etiamnunc
828 2835 903 2875 PT
949 2830 1207 2876 etiamnum
1253 2832 1388 2876 ceteri
1427 2833 1434 2887 Ι
1476 2831 1526 2875 in
1571 2846 1806 2877 murmure

32 2947 35 2954 .
113 2884 303 2930 truncos
334 2889 462 2935 codd.
505 2903 751 2934 murmure
763 2891 928 2936 trunco
951 2905 1067 2937 corr.
1092 2890 1319 2936 Barthius
