1976 3126
610 176 953 223 THEBAIDOS
985 177 1095 223 LlB.
1128 177 1183 223 X.
1644 178 1752 233 269

10 335 11 338 =
59 302 253 371 Arma,
293 300 456 371 dapes
495 299 782 370 ignemque
821 299 1024 370 ferunt3
1064 317 1158 353 rex
1196 299 1380 353 firmat
1418 302 1628 353 euntes:
1693 313 1750 355 20

58 375 336 431 ‘Victores
374 372 625 428 Danaum
666 370 862 444 (neque
901 372 1043 427 enim
1083 373 1175 427 lux
1215 374 1455 428 crastina
1493 374 1677 444 longe,

59 449 176 506 Nec
215 466 352 520 quae
391 465 490 518 pro
531 447 737 502 timidis
776 448 1128 501 intercessere
1168 448 1421 502 tenebrae

12 538 14 542 ·
63 522 287 593 Semper
327 518 526 594 erunt),
565 524 760 593 augete
802 522 1010 575 animos
1053 525 1107 575 et
1144 522 1312 592 digna
1351 522 1595 575 secundis

109 600 292 651 ectora
329 596 467 650 ferte
506 596 635 649 deis.
711 595 861 649 Iacet
900 595 1076 649 omnis
1118 596 1294 667 gloria
1334 596 1541 650 Lernae

16 736 18 741 Ι
108 670 496 741 raecipuaeque
536 688 751 724 manus:
793 669 960 723 subiit
998 670 1217 724 ultricia
1256 669 1467 739 Tydeus
1697 683 1754 724 25

16 774 21 791 :
113 743 501 815 artara‚·Mors
542 744 778 798 subitam
817 743 960 814 nigri
1001 748 1183 814 stupet
1222 746 1441 815 auguris
1483 744 1757 814 umbram,

16 827 22 833 ’
95 837 308 875 smenos
347 817 520 888 raptis
559 822 735 872 tumet
772 817 1229 888 Hippomedontis
1270 818 1489 888 opimiS,

62 893 280 948 Arcada
317 892 596 962 belligeris
634 892 802 962 pudet
841 893 1193 946 adnumerare
1233 893 1488 962 tropaeis.

62 966 129 1023 In
167 966 415 1021 manibus
455 984 684 1036 merces,
722 985 989 1036 nusquam
1029 967 1209 1036 capita
1247 966 1415 1020 ardua
1454 967 1585 1021 belli

63 1041 506 1111 Monstrataeque
546 1040 741 1094 ducum
782 1043 1005 1110 septena
1044 1059 1140 1110 per
1179 1042 1398 1111 agmina
1438 1041 1657 1110 cristae3
1699 1055 1755 1095 30

67 1115 284 1171 Scilicet
320 1114 547 1169 Adrasti
587 1114 797 1169 senium
835 1114 1109 1184 fraterque
1148 1116 1371 1169 iuventa

63 1189 225 1245 Peior
263 1191 318 1243 et
354 1188 561 1243 insanis
602 1186 886 1260 Capaneus
926 1189 1245 1242 metuendus
1285 1189 1342 1242 in
1382 1190 1565 1243 armis.

65 1262 150 1319 Ite
190 1279 291 1334 age
329 1265 385 1317 et
423 1263 659 1318 obsessis
698 1263 922 1334 vigilem
962 1263 1290 1317 circumdate
1329 1263 1630 1317 flammam!

63 1337 220 1393 Nulli
260 1355 326 1391 ex
362 1337 518 1391 hoste
558 1340 757 1391 metus:
797 1336 1053 1406 praedam
1094 1337 1394 1393 adservatis
1434 1356 1671 1408 opesque

65 1411 184 1467 Iam
222 1410 465 1466 vestras?
543 1409 631 1466 Sic
670 1411 763 1464 ille
803 1416 982 1465 truces
1022 1411 1331 1465 hortatibus
1371 1412 1562 1481 implet
1705 1426 1762 1465 35

0 1486 1 1498 ¹
67 1484 427 1556 Labdacidas,
465 1485 618 1539 iuvat
658 1485 952 1539 exhaustos
991 1486 1187 1539 iterare
1227 1486 1457 1540 laboreS.

39 1558 223 1627 [Sicut
260 1563 416 1614 erant
456 1556 661 1631 (pulvis
703 1560 968 1629 sudorque
1009 1577 1271 1630 cruorque
1311 1578 1408 1630 per
1448 1563 1599 1613 artus

68 1632 271 1688 Mixtus
311 1631 533 1704 adhuc),
572 1637 780 1687 vertere
822 1634 1072 1703 gradum3
1113 1634 1202 1687 vix
1243 1634 1405 1688 obvia
1442 1635 1591 1704 passi

73 1705 398 1779 Conloqnia,
439 1708 720 1778 amplexus
761 1709 926 1762 etiam
968 1708 1293 1778 dextrasque
1335 1727 1555 1762 suorum

38 1798 50 1834 ζ.
71 1781 373 1836 Excussere
411 1782 629 1836 umerisa
705 1781 844 1836 Tum
883 1782 1118 1836 frontem
1158 1801 1452 1854 aversaque
1492 1786 1647 1853 terga
1708 1796 1766 1837 40

10 1903 11 1907 ,
40 1851 276 1910 ³Partiti
313 1855 653 1926 laterumque
693 1856 867 1926 sinus,
906 1857 1113 1910 vallum
1154 1857 1389 1927 undique
1429 1857 1679 1927 cingunt⁶

73 1929 301 1999 Ignibus
339 1929 567 1984 infestis.
643 1929 844 1984 Rabidi
885 1930 961 1984 sic
1000 1931 1216 2001 agmine
1257 1932 1428 1985 multo

12 2002 186 2076 ,jSub
225 2006 441 2057 noctem
481 2003 656 2057 coiere
695 2004 835 2073 lupi,
874 2022 1009 2074 quos
1049 2005 1302 2058 omnibus
1343 2005 1491 2076 agris

35 2103 37 2106 ·
73 2076 169 2132 Nil
207 2095 317 2132 non
357 2096 490 2132 ausa
527 2077 698 2131 fames
738 2078 903 2148 longo
943 2079 1188 2131 tenuavit
1224 2078 1402 2132 hiatu:

74 2150 194 2205 Iam
218 2151 434 2206 stabula
457 2152 578 2221 ipsa
599 2156 870 2223 premunt,
901 2155 1122 2222 torquet
1146 2170 1268 2222 spes
1294 2153 1463 2205 inrita
1485 2153 1683 2222 fauces,
1710 2166 1767 2207 45

75 2222 406 2295 Balatus'que
445 2228 681 2280 tremens
719 2226 1056 2296 pinguesque
1098 2226 1166 2279 ab
1207 2226 1441 2281 ovilibus
1483 2245 1669 2295 aurae3

51 2479 53 2482 .
201 2436 260 2476 20
290 2429 448 2487 Arma,
479 2431 608 2475 faces
640 2433 755 2478 coni.
788 2432 1163 2491 Lindenbroyius
1189 2433 1196 2489 Ι
1223 2431 1374 2476 ferum
1403 2437 1435 2475 P
1467 2430 1579 2475 ferit
1602 2437 1629 2474 S
1657 2433 1664 2488 Ι
1691 2444 1772 2475 rex

51 2496 54 2530 ἱ
83 2490 236 2534 armat
265 2495 298 2533 P
334 2492 351 2548 ΙΙ
389 2497 444 2536 21
484 2504 635 2547 neque
665 2495 698 2534 P
728 2505 816 2536 nec
848 2493 983 2537 cete-ri
1019 2492 1033 2548 ΙΙ
1068 2497 1125 2537 26
1159 2490 1316 2535 subita
1345 2496 1378 2534 P
1419 2493 1435 2547 ss
1472 2495 1530 2535 28
1561 2489 1772 2548 tropheis

54 2551 194 2592 PBS
230 2549 248 2607 11
284 2554 339 2594 33
382 2549 512 2607 agite
555 2550 653 2595 obs,
685 2565 728 2596 v.
761 2550 1048 2595 circumdare
1079 2551 1110 2595 f.
1144 2551 1362 2596 Menkius
1393 2552 1489 2596 coll.
1525 2550 1611 2594 XI
1634 2554 1727 2595 478
1758 2551 1774 2607 Η

84 2610 141 2652 36
171 2621 263 2666 sqq.
309 2610 446 2654 verba
484 2615 644 2666 poetae
690 2611 759 2655 ita
805 2611 1131 2669 distinyuerzda
1169 2615 1211 2655 et
1254 2612 1488 2669 legendum
1529 2623 1618 2653 esse
1656 2622 1771 2653 cens.

85 2666 422 2722 Marklandus:
454 2667 655 2723 labores,
689 2667 819 2713 Sicut
849 2671 996 2713 erant.
1043 2668 1206 2714 Pulvis
1240 2684 1274 2713 s.
1308 2684 1344 2713 c.
1370 2685 1416 2726 p.
1445 2682 1486 2712 a.
1511 2667 1572 2711 Μ.
1606 2667 1772 2712 adhuc.

56 2722 277 2771 *vertere
315 2728 402 2772 etc.
434 2728 449 2784 ΙΙ
481 2733 535 2772 37
568 2741 630 2784 sq.
672 2729 1095 2785 Interpunctionem
1126 2742 1239 2774 corr.
1275 2729 1547 2773 Duebnerus
1578 2729 1594 2784 ΙΙ
1624 2733 1681 2772 38
1713 2725 1776 2770 ad

18 2803 19 2806 ¹
83 2781 207 2829 hunc
243 2790 277 2829 P
306 2789 322 2845 ΙΙ
353 2792 409 2831 42
442 2786 605 2831 infesti
634 2787 738 2829 362
767 2788 876 2832 Beh.
919 2792 946 2832 1
978 2789 1105 2833 Dan.
1134 2789 1140 2843 Ι
1167 2786 1317 2831 multo
1349 2792 1381 2830 P
1423 2785 1573 2830 mixto
1605 2787 1739 2830 ceteri
1759 2786 1776 2844 11

70 2854 152 2890 κου.
190 2848 248 2890 45
294 2849 336 2891 et
373 2851 430 2891 46
477 2848 529 2890 in
570 2851 603 2889 P
649 2848 768 2891 inter
805 2861 850 2891 se
888 2848 1157 2904 transpositi
1203 2848 1415 2904 leyuntur
1451 2848 1467 2902 ΙΙ
1506 2850 1562 2890 46
1619 2858 1776 2897 aurae,

82 2913 312 2960 wracen
342 2906 366 2948 t
395 2918 545 2962 agnae
576 2910 609 2948 P
641 2918 791 2962 agnae
823 2911 968 2961 opGT
1002 2905 1123 2953 Gozb.
