1976 3094
212 123 321 178 132
777 124 827 168 P.
859 121 1091 167 PAPINH
1120 120 1318 167 sTA'rn

205 244 531 316 Magnorum
570 244 765 296 decora
805 243 919 296 alta
955 245 1198 314 patrum,
1236 243 1349 297 iam
1385 243 1566 298 fronte
1606 245 1780 298 sereni

205 318 584 388 Noscendique
614 317 832 387 habitu,
846 320 1156 401 postquam
1185 321 1368 372 tumor
1397 319 1584 388 iraque
1616 320 1797 373 cessit
1811 332 1898 375 425
1936 323 1940 327 ’

205 393 482 448 Vultibus.
558 392 775 444 Arcana
814 391 892 445 sic
928 392 1074 444 fama
1114 410 1392 461 erumpere
1431 395 1592 462 porta

207 466 534 536 Caelicolae,
576 467 623 519 si
661 465 876 535 quando
916 466 1105 520 domos
1143 466 1381 535 litusque
1419 467 1712 521 rubentnm

207 541 542 610 Aethiopum
581 543 635 593 et
672 558 886 594 mensas
927 558 1082 593 amor
1121 543 1205 593 est
1242 540 1438 594 iterare
1477 541 1738 611 minores3

203 614 355 669 Dant
392 615 542 668 fluvii
580 616 900 684 montesque
939 615 1142 684 locum,
1179 617 1299 668 tum
1336 617 1485 668 terra
1525 616 1767 684 superbit
1942 671 1943 674 ,

206 690 494 743 Gressibus
536 692 591 742 et
628 689 852 757 paulum
891 689 1128 759 respirat
1167 688 1385 742 caelifer
1424 688 1637 742 Atlans,
1811 703 1899 744 430

204 763 313 817 Η10
352 767 408 816 et
448 764 516 817 ab
557 764 773 816 adserto
811 781 985 833 nuper
1022 761 1347 816 Marathone
1388 764 1681 834 superbum

205 838 416 891 Thesea
455 841 509 891 et
546 837 828 906 IsmariOS,
871 837 1168 906 Aquilonia
1204 837 1458 907 pignora,
1495 836 1690 890 fratres
1701 879 1715 908 ,

203 910 448 981 Utraque
489 912 609 981 quis
648 912 815 964 rutila
855 911 1158 965 stridebant
1196 914 1448 982 tempora
1485 912 1674 981 pinna,

205 984 514 1056 CernimUS,
551 986 642 1039 hic
681 985 902 1039 Phoebo
942 1003 1053 1038 non
1090 985 1410 1056 indignante
1448 986 1685 1055 priorem

205 1061 500 1114 Admetum
539 1063 595 1113 et
633 1060 798 1112 durae
830 1061 1063 1113 similem
1091 1059 1231 1112 nihil
1263 1058 1481 1130 Orphea
1511 1059 1776 1130 Thracae,
1815 1073 1901 1114 435
1958 1057 1960 1107 J

204 1134 356 1188 Tunc
392 1135 604 1205 prolem
644 1132 918 1203 Calydone
958 1136 1136 1187 satam
1175 1150 1535 1204 generumque
1573 1134 1829 1203 profundi

208 1208 434 1263 Nereos.
511 1208 788 1278 Ambiguo
827 1209 973 1262 visus
1014 1226 1194 1261 errore
1232 1208 1510 1262 lacessunt

206 1282 502 1336 Oebalidae
533 1282 1036 1353 gemini;.chlamys
1068 1282 1217 1352 huic,
1249 1282 1495 1352 chlamys
1528 1283 1683 1336 ardet
1715 1286 1768 1337 et
1799 1283 1898 1353 illi,

205 1356 388 1410 Ambo
426 1356 630 1410 hastile
670 1360 890 1426 gerunt,
927 1374 1142 1410 umeros
1184 1359 1398 1410 exertus
1438 1359 1688 1426 uterque,

203 1429 395 1484 Nudus
433 1433 659 1501 uterque
699 1447 868 1500 genas
877 1473 892 1501 ,
932 1431 1099 1484 simili
1137 1449 1290 1485 coma
1326 1431 1572 1503 fulgurat
1605 1435 1768 1485 astrO.
1813 1444 1901 1485 440

204 1505 389 1558 Audet
425 1505 531 1558 iter
569 1506 861 1575 magnique
902 1523 1132 1574 sequens
1171 1506 1406 1576 vestigia
1444 1508 1622 1558 mutat

206 1579 460 1632 Herculis
502 1583 557 1632 et
596 1579 756 1632 tarda
796 1580 1044 1648 quamvis
1086 1597 1143 1631 se
1181 1580 1325 1633 mole
1363 1579 1628 1632 ferentem

211 1652 322 1706 Vix
359 1671 520 1706 cursu
559 1656 717 1705 tener
755 1656 953 1722 aequat
990 1651 1166 1722 Hylas
1205 1652 1552 1723 Lernaeaque
1591 1654 1790 1707 tollens

204 1726 386 1779 Arma
425 1727 525 1780 sub
566 1726 777 1796 ingenti
815 1727 1017 1796 gaudet
1057 1726 1250 1780 sudare
1288 1727 1562 1796 pharetra.

155 1865 158 1867 Α
206 1799 357 1871 Ergo
389 1801 588 1854 iterum
613 1799 800 1854 Venus
833 1804 888 1854 et
917 1801 1101 1854 tacitis
1134 1801 1297 1854 corda
1329 1819 1522 1871 aspera
1552 1801 1786 1855 flammis
1817 1812 1905 1856 445

209 1874 568 1928 Lemniadum
608 1877 944 1945 pertemptat
982 1875 1168 1928 Amor.
1245 1873 1395 1929 Tunc
1431 1876 1584 1946 regia
1620 1875 1757 1929 Iuno

207 1948 380 2002 Arma
418 1948 747 2018 habitusque
785 1950 963 2002 virum
1001 1948 1366 2019 pulchraeque
1405 1949 1644 2020 insignia
1685 1949 1864 2021 gentis

209 2022 487 2076 Mentibus
527 2023 793 2093 insinuat,
833 2023 1192 2093 certatimque
1232 2023 1419 2078 ordine
1461 2027 1684 2078 cunctae

207 2097 535 2168 Hospitibus
574 2099 799 2167 patuere
837 2097 1004 2169 fores3
1041 2100 1171 2151 tunc
1208 2098 1415 2168 primus
1455 2099 1514 2152 in
1554 2099 1662 2152 aris

209 2170 385 2242 Ignis,
425 2174 479 2224 et
517 2171 753 2225 infandis
792 2189 988 2226 venere
1028 2171 1232 2226 oblivia
1271 2172 1438 2243 curis3
1818 2185 1905 2226 450

210 2245 363 2299 Tunc
403 2246 593 2315 epulae
631 2245 871 2315 felixque
911 2264 1074 2315 sopor
1111 2249 1404 2316 noctesque
1444 2246 1681 2316 quietae,

210 2318 266 2372 N
269 2337 327 2372 ec
367 2338 623 2389 superum
666 2320 783 2372 sine
821 2322 1024 2390 mente,
1062 2338 1210 2390 reor,
1247 2321 1498 2390 placuere
1537 2320 1781 2375 fatentes.

210 2392 467 2446 Forsitan
506 2396 561 2446 et
599 2397 818 2447 nostrae
855 2394 1031 2448 fatum
1070 2395 1380 2449 excusabile
1418 2395 1609 2464 culpae

211 2553 449 2609 depulsum
476 2553 541 2609 §it
564 2554 579 2610 fl
602 2556 689 2597 425
728 2551 871 2597 timor
900 2555 1042 2609 codd„
1075 2567 1189 2600 corr.
1220 2555 1460 2601 Bentleiws
1489 2555 1589 2601 coll.
1629 2555 1759 2614 Very.
1790 2555 1907 2601 Aen.
1947 2539 1961 2598 ξ

219 2611 363 2656 VIII
390 2615 449 2657 40
479 2613 495 2669 ΙΙ
519 2615 607 2655 428
647 2611 820 2657 iterare
852 2612 1135 2660 Schraderus
1165 2615 1264 2659 coll.
1296 2613 1406 2661 Sizv.
1440 2613 1530 2659 IV
1554 2617 1608 2670 2,
1641 2618 1700 2660 53
1731 2614 1909 2661 intrare
1950 2615 1954 2641 ²

213 2672 340 2716 codd
373 2673 388 2728 ΙΙ
418 2675 505 2715 430
549 2670 705 2716 atlans
743 2676 777 2715 P
815 2673 873 2728 cf.
923 2672 1053 2732 Verq.
1093 2674 1207 2719 Aen.
1249 2674 1287 2717 I
1321 2677 1408 2719 741
1450 2673 1530 2717 VI
1557 2677 1650 2720 ¹796
1686 2674 1809 2719 atlas
1840 2675 1909 2720 vel
1950 2673 1958 2682 ²

214 2729 367 2774 athlas
398 2731 533 2775 ceteri
555 2732 571 2787 ΙΙ
593 2736 680 2776 433
715 2731 948 2776 stridebat
975 2736 1009 2775 P
1032 2734 1048 2791 ΙΙ
1069 2735 1308 2779 442—444
1337 2747 1391 2778 m
1413 2737 1446 2776 P
1476 2734 1546 2778 ita
1574 2747 1621 2778 se
1650 2735 1907 2792 excipiwnt.
1950 2736 1952 2740 ’

213 2792 301 2833 444
331 2792 423 2835 442
455 2793 544 2834 441
578 2794 691 2846 443,
730 2792 860 2848 siylis
897 2792 1146 2849 appositis,
1186 2796 1238 2838 ut
1268 2792 1380 2838 ordo
1409 2806 1499 2850 quo
1528 2793 1663 2849 vulyo
1694 2794 1907 2851 leywntur

211 2848 482 2894 restituatwr
505 2851 519 2905 ΙΙ
543 2853 631 2894 452
670 2848 884 2895 foventes
915 2826 1245 2898 Lachmao'mus
