2020 3106
160 135 163 137 >
261 174 412 219 XVIII
799 171 1084 217 EDITORIS
1115 170 1470 218 PRAEFATIO.

267 294 586 348 Aemilius
612 293 1048 346 Baehrensius
1074 290 1485 362 GroningensiS,
1510 293 1707 362 quippe
1725 295 1867 375 qui
1835 311 1957 347 cum

263 368 470 437 pridem
525 367 640 420 viro
697 367 762 419 de
818 367 1010 420 studiis
1064 369 1348 436 poetarum
1404 365 1722 420 Latinorum
1772 385 1959 436 prove-

263 442 457 495 hendis
511 441 861 494 meritissimo
913 458 1232 511 progressus
1285 440 1445 493 huius
1500 458 1650 493 meae
1706 441 1958 494 editionis

265 534 421 569 curae
459 514 626 568 fuerit
661 533 772 568 non
813 515 987 568 solum
1021 532 1154 568 onus
1187 513 1630 567 molestissimum
1663 515 2005 584 susceperit

263 589 606 659 plagularum
660 606 870 642 mecum
934 587 1373 658 corrigendarum
1435 588 1528 641 sed
1591 588 1755 641 etiam
1817 589 2008 650 inter
2018 647 2020 650 .

265 662 643 732 corrigendum
682 680 780 731 pro
823 680 919 715 suo
961 663 1178 732 ingenio
1217 661 1515 730 permultas
1557 654 2013 753 emendationes}

265 737 351 790 vel
408 737 739 790 coniecturas
795 736 1137 789 acutissimas
1193 753 1403 788 mecum
1467 735 1958 804 communicaverit,
1990 769 2018 782 ›-

266 829 494 880 quarum
533 829 643 863 non
680 828 882 880 paucas
922 810 980 861 in
1018 812 1227 862 textum
1266 809 1502 878 recipere
1542 827 1651 862 non
1699 809 1959 863 dubitavi.
1989 794 2020 881 ξ-

263 883 380 937 Ν66
417 884 670 954 exiguum
700 884 936 937 fructum
967 883 1183 953 percepi
1208 901 1270 935 ex
1297 883 1763 936 emendationibus
1793 886 1848 936 et
1872 901 1958 935 ex·
1990 882 2020 955 g

265 958 649 1027 plicationibus
683 958 750 1011 ad
783 956 1016 1010 Statium
1049 957 1268 1026 scriptis
1308 957 1376 1010 ab
1411 956 1692 1010 Henrico
1724 957 2020 1029 Koest-sg„

266 1032 406 1085 lino
445 1031 867 1102 Hamburgensi,
907 1049 1041 1100 quos
1081 1034 1136 1084 et
1173 1031 1230 1083 in
1267 1031 1396 1084 voll.
1434 1030 1712 1101 Philologi
1749 1030 1959 1084 XXXV

265 1104 502 1158 XXXVI
555 1105 817 1158 XXXVII
871 1105 1074 1174 publici
1126 1105 1258 1157 iuris
1305 1104 1434 1157 fecit
1488 1107 1542 1157 et
1594 1123 1692 1175 per
1746 1106 1957 1158 litteras
2001 1113 2020 1166 *2ss

271 1179 596 1232 amicissime
656 1179 791 1232 mihi
851 1179 1170 1232 transmisit.
1261 1177 1548 1232 Codicibus
1605 1182 1783 1232 autem
1836 1197 1958 1248 pro·
2006 1211 2020 1237 3

267 1252 517 1306 curandis
567 1256 621 1306 et
665 1253 1102 1306 transmittendis
1148 1270 1234 1305 me
1286 1253 1390 1305 sibi
1439 1253 1792 1306 devinxerunt
1830 1270 1959 1322 prae
2015 1307 2017 1311 ,

268 1327 460 1380 ceteris
501 1326 579 1379 du
617 1326 780 1380 Rieu
817 1326 1122 1396 Leidensis,
1158 1326 1242 1380 vir
1288 1327 1448 1380 decus
1489 1327 1727 1380 omnium
1766 1328 1960 1381 biblio-

269 1400 633 1453 thecariorum
673 1401 1041 1470 appellanduS,
1082 1404 1137 1454 et
1174 1400 1477 1470 praefectus
1517 1398 1992 1455 bibliothecae'

268 1473 786 1544 BambergensiS.

420 1547 576 1610 Quod
616 1548 845 1602 indicem
893 1549 1177 1601 nominum
1217 1548 1683 1601 accuratissimum
1729 1548 1795 1601 ad
1842 1550 1959 1600 uni-

267 1639 425 1675 versa
473 1620 637 1675 Statii
684 1623 924 1676 carmina
971 1622 1332 1690 pertinentem
1378 1622 1714 1675 adiciendum
1762 1623 1959 1690 curavi,

270 1713 427 1764 spero
467 1696 583 1748 fore
614 1698 674 1748 ut
714 1715 746 1749 a
780 1695 909 1749 viris
944 1695 1116 1748 doctis
1150 1696 1542 1765 comprobetur,
1583 1714 1751 1765 eoque
1783 1696 1958 1766 magis

270 1769 426 1822 doleo
491 1770 770 1839 conlegam
824 1769 1265 1839 dilectissimum,
1326 1770 1417 1838 qui
1476 1769 1580 1823 hoc
1643 1771 1959 1839 opusculum

271 1860 480 1897 summo
523 1844 701 1896 studio
743 1862 804 1897 ac
844 1843 1127 1912 diligentia
1164 1843 1406 1912 perfecit,
1443 1861 1645 1896 nomen
1684 1856 1850 1897 suum'
1878 1845 1959 1895 in-

272 1915 442 1968 dicari
480 1917 729 1970 vetuisse.

416 1989 565 2044 Haec
605 1991 667 2043 de
706 1991 958 2044 universa
995 1991 1156 2044 huius
1197 1990 1447 2044 editionis
1487 1991 1697 2045 ratione
1735 1983 1987 2044 dicenda¹

267 2062 450 2116 habui.

421 2165 732 2221 Scribebam
771 2167 977 2221 Emdae
1020 2185 1204 2222 mense
1244 2167 1421 2236 Aprili
1455 2187 1499 2221 a.
1534 2169 1691 2222 1884.

1209 2338 1504 2396 Philippus
1541 2338 1881 2384 Kohlmann.
