1976 3126
590 141 601 150 ’
646 182 992 230 mammos
1024 182 1138 229 Lm.
1172 183 1249 228 1x.
1681 183 1788 237 251

100 307 431 376 Dotalesque
471 321 634 376 rogos
675 304 1003 375 deceptaque
1043 303 1274 358 fulmina
1311 302 1423 358 vidi
1704 317 1791 358 425

100 380 532 450 Praecipuosque
569 378 680 434 alui
717 377 1007 432 natorum?
1047 396 1116 431 an
1154 378 1278 432 vilis
1318 380 1373 432 et
1409 378 1524 432 illis

102 453 328 509 Gratia?
367 453 435 508 ad
474 453 618 507 hunc
658 455 801 507 certe
840 452 1010 522 repsit
1047 450 1365 522 Tirynthius
1407 470 1644 520 amnem,

100 526 221 583 Hac
258 526 364 581 tibi
402 527 724 599 flagrantem
761 525 1044 580 Bromium
1082 526 1429 579 restinximus
1468 526 1628 580 unda.

101 602 321 672 Aspice,
360 619 495 672 quas
533 601 695 655 fluvio
736 600 947 668 caedeS,
986 618 1122 670 quae
1161 599 1354 653 funera
1391 602 1629 671 portem,

43 686 45 725 l
101 675 406 731 Continuus
446 676 572 730 telis
613 675 827 745 alioque
867 674 1158 743 adopertus
1200 691 1403 728 acervo.
1705 687 1793 729 430

43 742 45 759 '
101 749 275 804 Omne
313 748 510 804 vadum
548 749 682 803 belli
722 749 887 804 series
925 750 1100 816 tenet,
1140 748 1315 801 omnis
1356 748 1580 802 anhelat

100 822 262 878 Unda
298 823 476 894 nefas,
515 824 806 893 subterque
847 823 1063 876 animae
1104 840 1372 891 supraque
1411 826 1655 877 recentes

100 897 307 952 Errant
345 900 401 951 et
439 898 682 967 geminas
722 898 954 967 iungunt
991 896 1221 966 caligine
1260 896 1423 965 ripas.

100 972 199 1026 Ille
240 988 340 1042 ego
381 971 647 1026 clamatus
687 972 852 1025 sacris
892 970 1189 1024 ululatibus
1230 970 1428 1038 amnis,

101 1044 209 1109 Qui
246 1046 437 1099 molles
477 1045 696 1115 thyrsos
735 1044 1091 1114 Baccheaque
1130 1061 1333 1097 cornua
1370 1062 1505 1113 puro
1707 1058 1794 1099 435

100 1118 273 1173 Fonte
315 1119 499 1174 lavare
537 1120 704 1189 feror,
745 1119 979 1189 stipatus
1019 1117 1274 1171 caedibus
1315 1122 1462 1171 artas

101 1192 167 1248 In
205 1193 346 1247 freta
384 1211 584 1263 quaero
624 1193 762 1264 vias3
800 1211 911 1247 non
951 1190 1270 1262 Strymonos
1309 1191 1481 1260 impia
1518 1195 1674 1246 tanto

103 1266 312 1338 Stagna
350 1278 540 1322 cruo're
576 1271 794 1337 natant,
831 1285 941 1321 non
981 1266 1244 1335 spumifer
1282 1266 1447 1319 altius
1487 1266 1704 1320 Hebrus

102 1340 340 1395 Gradivo
381 1341 618 1396 bellante
657 1342 832 1395 rubet.
905 1339 957 1394 N
961 1358 1020 1394 ec
1058 1344 1112 1393 te
1153 1339 1406 1393 admonet
1446 1341 1610 1394 altrix

101 1413 265 1469 Unda
296 1418 526 1486 tuasque
557 1435 773 1485 manue,
804 1416 914 1469 iam
945 1414 1153 1483 pridem
1186 1414 1357 1467 oblite
1388 1419 1677 1483 parentum
1708 1428 1795 1468 440

102 1487 306 1543 Liber?
346 1507 416 1543 an
453 1489 603 1544 Eous
643 1490 837 1543 melius
878 1491 1103 1558 pacatur
1140 1487 1467 1556 Hydaspes?

102 1563 182 1617 At
218 1566 304 1632 tu,
344 1563 438 1635 qui
476 1563 713 1618 tumidus
755 1563 945 1634 spoliis
986 1566 1041 1616 et
1078 1562 1342 1632 sanguine
1383 1563 1587 1631 gaudes

98 1636 344 1692 Insontis
382 1638 558 1707 pueri,
596 1656 707 1692 non
745 1637 849 1691 hoc
889 1655 955 1690 ex
995 1654 1151 1689 amne
1191 1639 1468 1705 potentem

103 1710 344 1766 Inachon
384 1715 480 1767 aut
519 1730 709 1766 saevas
746 1711 921 1766 victor
960 1709 1217 1764 revehere
1256 1708 1537 1779 MycenaS,

104 1783 181 1839 Ni
210 1786 460 1839 mortalis
491 1803 593 1856 ego
627 1790 682 1839 et
711 1786 817 1840 tibi
848 1785 1040 1839 ductus
1074 1785 1141 1837 ab
1174 1783 1393 1838 aethere
1418 1783 1675 1854 sanguis?
1707 1798 1797 1839 445

181 1856 270 1912 Sic
308 1858 388 1911 ait
423 1859 732 1913 infrendens
772 1862 828 1912 et
865 1862 1058 1928 sponte
1099 1858 1404 1911 furentibus
1442 1859 1603 1913 undis

107 1930 278 2002 Signa
315 1931 486 1987 dedit:
524 1932 699 1987 mittit
737 1933 942 2004 gelidus
982 1935 1244 1985 montana
1283 1930 1581 1986 Cithaeron

106 2004 330 2060 Auxilia
368 2006 726 2076 antiquasque
765 2007 917 2060 nives
958 2010 1013 2058 et
1049 2006 1257 2074 pabula·
1292 2006 1517 2059 brumae

106 2079 192 2134 Ire
230 2079 403 2150 iubet3
441 2080 611 2133 frater
647 2080 842 2133 tacitas
882 2079 1099 2148 Asopos
1141 2079 1291 2132 eunti

107 2152 380 2208 Conciliat
416 2155 562 2208 vires
602 2156 656 2207 et
692 2153 888 2208 hiulcis
927 2152 1151 2205 fiumina
1187 2152 1342 2206 venis
1709 2167 1798 2209 450

109 2225 381 2298 Suggerit.
455 2227 579 2297 Ipse
618 2246 782 2282 cavae
821 2230 1093 2281 scrutatur
1131 2226 1341 2279 viscera
1378 2229 1556 2280 terrae

108 2300 420 2372 Stagnaque
459 2305 842 2373 torpentesque
881 2301 1031 2354 lacus
1070 2300 1365 2371 pigrasque
1402 2301 1627 2370 paludes

106 2374 356 2444 Excutit,
395 2378 555 2445 atque
595 2375 781 2430 avidos
820 2375 1021 2428 tollens
1061 2374 1130 2428 ad
1170 2374 1347 2427 sidera
1385 2375 1567 2430 vultus

111 2447 368 2503 Umentes
407 2450 632 2502 nebulas
672 2449 921 2503 exhaurit
960 2453 1014 2503 et
1053 2467 1180 2502 aera
1219 2449 1401 2502 siccat.

107 2521 332 2594 Iamque
370 2542 531 2594 super
569 2525 714 2594 ripas
752 2526 979 2592 utroque
1019 2522 1292 2576 extantior
1331 2522 1449 2576 ibat
1709 2538 1798 2580 455

108 2595 351 2668 Aggere,
390 2598 501 2652 iam
538 2598 774 2652 medium
813 2597 972 2651 modo
1014 2597 1107 2667 qui
1145 2599 1497 2667 superaverat
1535 2616 1750 2652 amnem

108 2739 337 2784 suprascr.
369 2727 528 2784 heule)
555 2727 823 2786 disiungere
847 2730 979 2774 ceteri
1000 2729 1016 2785 ΙΙ
1040 2732 1126 2772 430
1151 2725 1338 2782 alioque
1362 2731 1396 2768 P
1421 2727 1612 2785 altoque
1635 2732 1771 2776 ceteri
1784 2732 1798 2790 Η

109 2789 198 2831 482
230 2799 460 2845 superque
491 2792 523 2830 P
547 2801 624 2844 pr.
654 2802 712 2832 m.
736 2790 752 2845 ΙΙ
774 2792 862 2833 435
892 2787 1067 2832 thirsos
1099 2787 1413 2843 bracchiaque
1436 2791 1470 2829 P
1491 2789 1507 2843 ΙΙ
1530 2795 1617 2835 436
1648 2789 1800 2835 libare

111 2847 145 2887 P
167 2858 243 2903 pr.
273 2860 330 2891 m.
354 2848 479 2903 11449
511 2847 606 2891 Iret
635 2851 668 2889 P
695 2850 702 2901 Ι
730 2860 900 2904 asopus
930 2851 1098 2890 PGHT
1122 2848 1180 2901 cf.
1211 2847 1322 2891 VII
1339 2847 1430 2892 315
1449 2846 1466 2901 ΙΙ
1487 2852 1573 2894 451
1605 2847 1714 2908 ipsa
1735 2851 1798 2908 Pl!

110 2915 264 2950 versus
293 2907 535 2952 494-903
567 2907 729 2951 desunt
760 2907 812 2951 in
843 2906 899 2949 (ἱ2
922 2907 937 2962 ΙΙ
961 2912 1045 2951 455
1080 2905 1339 2953 exstantior
1368 2911 1401 2949 P
