<?xml version="1.0" encoding="UTF-8"?>
<!DOCTYPE html PUBLIC "-//W3C//DTD XHTML 1.0 Transitional//EN"
    "http://www.w3.org/TR/xhtml1/DTD/xhtml1-transitional.dtd">
<html xmlns="http://www.w3.org/1999/xhtml" xml:lang="en" lang="en">
 <head>
  <title>
</title>
<meta http-equiv="Content-Type" content="text/html;charset=utf-8" />
  <meta name='ocr-system' content='tesseract 3.04.00' />
  <meta name='ocr-capabilities' content='ocr_page ocr_carea ocr_par ocr_line ocrx_word'/>
</head>
<body>
  <div class='ocr_page' id='page_1' title='image "./operapapinius12statuoft_0606.png"; bbox 0 0 1976 3126; ppageno 0'>
   <div class='ocr_carea' id='block_1_1' title="bbox 194 160 1313 216">
    <p class='ocr_par' dir='ltr' id='par_1_1' title="bbox 194 160 1313 216">
     <span class='ocr_line' id='line_1_1' title="bbox 194 160 1313 216; baseline -0.011 0"><span class='ocrx_word' id='word_1_1' title='bbox 194 163 301 216; x_wconf 82' lang='grc'><strong>336</strong></span> <span class='ocrx_word' id='word_1_2' title='bbox 735 164 737 167; x_wconf 54' lang='lat'><strong>⁴</strong></span> <span class='ocrx_word' id='word_1_3' title='bbox 774 161 823 206; x_wconf 93' lang='lat' dir='ltr'><strong>P.</strong></span> <span class='ocrx_word' id='word_1_4' title='bbox 858 161 1086 206; x_wconf 92' lang='lat' dir='ltr'><strong>PAPINII</strong></span> <span class='ocrx_word' id='word_1_5' title='bbox 1117 160 1313 205; x_wconf 87' lang='lat' dir='ltr'>STATII</span> 
     </span>
    </p>
   </div>
   <div class='ocr_carea' id='block_1_2' title="bbox 190 282 1955 2282">
    <p class='ocr_par' dir='ltr' id='par_1_2' title="bbox 197 282 1675 354">
     <span class='ocr_line' id='line_1_2' title="bbox 197 282 1675 354; baseline -0.001 -17"><span class='ocrx_word' id='word_1_6' title='bbox 197 282 471 352; x_wconf 83' lang='lat' dir='ltr'><strong>Crebrior,</strong></span> <span class='ocrx_word' id='word_1_7' title='bbox 509 283 675 336; x_wconf 90' lang='lat' dir='ltr'><strong>Aonii</strong></span> <span class='ocrx_word' id='word_1_8' title='bbox 714 302 875 352; x_wconf 92' lang='lat' dir='ltr'><strong>quam</strong></span> <span class='ocrx_word' id='word_1_9' title='bbox 916 301 1052 352; x_wconf 90' lang='lat' dir='ltr'><strong>quae</strong></span> <span class='ocrx_word' id='word_1_10' title='bbox 1092 282 1156 335; x_wconf 94' lang='lat' dir='ltr'><strong>de</strong></span> <span class='ocrx_word' id='word_1_11' title='bbox 1197 283 1458 354; x_wconf 89' lang='lat' dir='ltr'><strong>sanguine</strong></span> <span class='ocrx_word' id='word_1_12' title='bbox 1498 284 1675 353; x_wconf 89' lang='lat' dir='ltr'><strong>campi</strong></span> 
     </span>
    </p>

    <p class='ocr_par' dir='ltr' id='par_1_3' title="bbox 194 355 1734 501">
     <span class='ocr_line' id='line_1_3' title="bbox 194 355 1734 427; baseline 0 -16"><span class='ocrx_word' id='word_1_13' title='bbox 194 357 356 411; x_wconf 92' lang='lat' dir='ltr'><strong>Nuda</strong></span> <span class='ocrx_word' id='word_1_14' title='bbox 394 358 542 411; x_wconf 86' lang='lat' dir='ltr'><strong>venit</strong></span> <span class='ocrx_word' id='word_1_15' title='bbox 580 358 861 427; x_wconf 90' lang='lat' dir='ltr'><strong>poscitque</strong></span> <span class='ocrx_word' id='word_1_16' title='bbox 900 373 1080 427; x_wconf 84' lang='lat' dir='ltr'><strong>rogos.</strong></span> <span class='ocrx_word' id='word_1_17' title='bbox 1156 355 1259 410; x_wconf 90' lang='lat' dir='ltr'><strong>His</strong></span> <span class='ocrx_word' id='word_1_18' title='bbox 1299 358 1457 411; x_wconf 92' lang='lat' dir='ltr'><strong>anxia</strong></span> <span class='ocrx_word' id='word_1_19' title='bbox 1497 362 1734 411; x_wconf 87' lang='lat' dir='ltr'><strong>mentem</strong></span> 
     </span>
     <span class='ocr_line' id='line_1_4' title="bbox 195 429 1525 501; baseline 0.002 -18"><span class='ocrx_word' id='word_1_20' title='bbox 195 431 483 501; x_wconf 88' lang='lat' dir='ltr'><strong>Aegrescit</strong></span> <span class='ocrx_word' id='word_1_21' title='bbox 519 431 675 484; x_wconf 87' lang='lat' dir='ltr'><strong>furiis</strong></span> <span class='ocrx_word' id='word_1_22' title='bbox 717 435 771 485; x_wconf 92' lang='lat' dir='ltr'><strong>et</strong></span> <span class='ocrx_word' id='word_1_23' title='bbox 809 429 927 501; x_wconf 88' lang='lat' dir='ltr'><strong>(qui</strong></span> <span class='ocrx_word' id='word_1_24' title='bbox 966 431 1302 484; x_wconf 87' lang='lat' dir='ltr'><strong>castissimus</strong></span> <span class='ocrx_word' id='word_1_25' title='bbox 1342 429 1525 501; x_wconf 88' lang='lat' dir='ltr'><strong>ardor)</strong></span> 
     </span>
    </p>

    <p class='ocr_par' dir='ltr' id='par_1_4' title="bbox 194 505 1880 723">
     <span class='ocr_line' id='line_1_5' title="bbox 194 505 1880 577; baseline 0.002 -20"><span class='ocrx_word' id='word_1_26' title='bbox 194 505 376 559; x_wconf 87' lang='lat' dir='ltr'><strong>Funus</strong></span> <span class='ocrx_word' id='word_1_27' title='bbox 420 508 590 574; x_wconf 69' lang='lat' dir='ltr'><strong>amat,</strong></span> <span class='ocrx_word' id='word_1_28' title='bbox 630 509 759 559; x_wconf 85' lang='lat' dir='ltr'><strong>tunc</strong></span> <span class='ocrx_word' id='word_1_29' title='bbox 799 506 866 558; x_wconf 91' lang='lat' dir='ltr'><strong>ad</strong></span> <span class='ocrx_word' id='word_1_30' title='bbox 908 505 1132 558; x_wconf 81' lang='lat' dir='ltr'><strong>comites</strong></span> <span class='ocrx_word' id='word_1_31' title='bbox 1173 523 1434 559; x_wconf 89' lang='lat' dir='ltr'><strong>conversa</strong></span> <span class='ocrx_word' id='word_1_32' title='bbox 1470 505 1755 577; x_wconf 89' lang='lat' dir='ltr'><strong>Pelasgas:</strong></span> <span class='ocrx_word' id='word_1_33' title='bbox 1798 520 1880 561; x_wconf 87' lang='lat'><strong>195</strong></span> 
     </span>
     <span class='ocr_line' id='line_1_6' title="bbox 197 578 1666 649; baseline 0.001 -17"><span class='ocrx_word' id='word_1_34' title='bbox 197 579 365 632; x_wconf 71' lang='lat' dir='ltr'><strong>‘Vos&#39;</strong></span> <span class='ocrx_word' id='word_1_35' title='bbox 408 580 508 648; x_wconf 91' lang='lat' dir='ltr'><strong>ait,</strong></span> <span class='ocrx_word' id='word_1_36' title='bbox 550 578 802 633; x_wconf 69' lang='lat' dir='ltr'><strong>eActaeas</strong></span> <span class='ocrx_word' id='word_1_37' title='bbox 843 579 983 632; x_wconf 87' lang='lat' dir='ltr'><strong>acies</strong></span> <span class='ocrx_word' id='word_1_38' title='bbox 1023 578 1475 649; x_wconf 89' lang='lat' dir='ltr'><strong>Marathoniaque</strong></span> <span class='ocrx_word' id='word_1_39' title='bbox 1515 598 1666 634; x_wconf 92' lang='lat' dir='ltr'><strong>arma</strong></span> 
     </span>
     <span class='ocr_line' id='line_1_7' title="bbox 196 652 1437 723; baseline 0.001 -17"><span class='ocrx_word' id='word_1_40' title='bbox 196 653 418 722; x_wconf 86' lang='lat' dir='ltr'><strong>Elicite,</strong></span> <span class='ocrx_word' id='word_1_41' title='bbox 457 653 802 723; x_wconf 75' lang='lat' dir='ltr'><strong>adspiretque</strong></span> <span class='ocrx_word' id='word_1_42' title='bbox 840 654 931 722; x_wconf 91' lang='lat' dir='ltr'><strong>pio</strong></span> <span class='ocrx_word' id='word_1_43' title='bbox 971 652 1209 706; x_wconf 85' lang='lat' dir='ltr'><strong>Fortuna</strong></span> <span class='ocrx_word' id='word_1_44' title='bbox 1247 654 1437 707; x_wconf 83' lang='lat' dir='ltr'><strong>labori.</strong></span> 
     </span>
    </p>

    <p class='ocr_par' dir='ltr' id='par_1_5' title="bbox 198 726 1579 797">
     <span class='ocr_line' id='line_1_8' title="bbox 198 726 1579 797; baseline 0.001 -18"><span class='ocrx_word' id='word_1_45' title='bbox 198 726 286 780; x_wconf 88' lang='lat' dir='ltr'><strong>Me</strong></span> <span class='ocrx_word' id='word_1_46' title='bbox 328 727 487 780; x_wconf 90' lang='lat' dir='ltr'><strong>sinite</strong></span> <span class='ocrx_word' id='word_1_47' title='bbox 527 726 794 797; x_wconf 87' lang='lat' dir='ltr'><strong>Ogygias,</strong></span> <span class='ocrx_word' id='word_1_48' title='bbox 835 731 1021 780; x_wconf 86' lang='lat' dir='ltr'><strong>tantae</strong></span> <span class='ocrx_word' id='word_1_49' title='bbox 1061 745 1196 797; x_wconf 90' lang='lat' dir='ltr'><strong>quae</strong></span> <span class='ocrx_word' id='word_1_50' title='bbox 1237 727 1354 781; x_wconf 91' lang='lat' dir='ltr'><strong>sola</strong></span> <span class='ocrx_word' id='word_1_51' title='bbox 1391 728 1579 781; x_wconf 90' lang='lat' dir='ltr'><strong>ruinae</strong></span> 
     </span>
    </p>

    <p class='ocr_par' dir='ltr' id='par_1_6' title="bbox 193 799 1945 1095">
     <span class='ocr_line' id='line_1_9' title="bbox 197 799 1945 872; baseline 0 -18"><span class='ocrx_word' id='word_1_52' title='bbox 197 799 375 854; x_wconf 81' lang='lat' dir='ltr'>Causa</span> <span class='ocrx_word' id='word_1_53' title='bbox 412 801 514 871; x_wconf 86' lang='lat' dir='ltr'><strong>fui,</strong></span> <span class='ocrx_word' id='word_1_54' title='bbox 553 805 841 872; x_wconf 88' lang='lat' dir='ltr'><strong>penetrare</strong></span> <span class='ocrx_word' id='word_1_55' title='bbox 882 801 1070 855; x_wconf 89' lang='lat' dir='ltr'><strong>domos</strong></span> <span class='ocrx_word' id='word_1_56' title='bbox 1111 804 1166 854; x_wconf 94' lang='lat' dir='ltr'><strong>et</strong></span> <span class='ocrx_word' id='word_1_57' title='bbox 1203 801 1432 855; x_wconf 84' lang='lat' dir='ltr'><strong>fulmina</strong></span> <span class='ocrx_word' id='word_1_58' title='bbox 1470 802 1620 871; x_wconf 87' lang='lat' dir='ltr'><strong>regni</strong></span> <span class='ocrx_word' id='word_1_59' title='bbox 1942 865 1945 867; x_wconf 21' lang='lat'><strong>¹</strong></span> 
     </span>
     <span class='ocr_line' id='line_1_10' title="bbox 193 874 1881 945; baseline 0.002 -17"><span class='ocrx_word' id='word_1_60' title='bbox 193 874 379 928; x_wconf 87' lang='lat' dir='ltr'><strong>Prima</strong></span> <span class='ocrx_word' id='word_1_61' title='bbox 416 876 554 945; x_wconf 83' lang='lat' dir='ltr'><strong>pati3</strong></span> <span class='ocrx_word' id='word_1_62' title='bbox 594 894 693 929; x_wconf 92' lang='lat' dir='ltr'><strong>nec</strong></span> <span class='ocrx_word' id='word_1_63' title='bbox 734 876 896 929; x_wconf 89' lang='lat' dir='ltr'><strong>surda</strong></span> <span class='ocrx_word' id='word_1_64' title='bbox 933 875 1080 928; x_wconf 88' lang='lat' dir='ltr'><strong>ferae</strong></span> <span class='ocrx_word' id='word_1_65' title='bbox 1118 875 1456 945; x_wconf 85' lang='lat' dir='ltr'><strong>pulsabimus</strong></span> <span class='ocrx_word' id='word_1_66' title='bbox 1495 877 1644 930; x_wconf 91' lang='lat' dir='ltr'><strong>urbis</strong></span> <span class='ocrx_word' id='word_1_67' title='bbox 1796 890 1881 933; x_wconf 93' lang='grc'><strong>200</strong></span> 
     </span>
     <span class='ocr_line' id='line_1_11' title="bbox 193 948 1659 1021; baseline 0.001 -19"><span class='ocrx_word' id='word_1_68' title='bbox 193 948 432 1003; x_wconf 88' lang='lat' dir='ltr'><strong>Limina:</strong></span> <span class='ocrx_word' id='word_1_69' title='bbox 474 953 600 1003; x_wconf 88' lang='lat' dir='ltr'><strong>sunt</strong></span> <span class='ocrx_word' id='word_1_70' title='bbox 638 950 753 1004; x_wconf 90' lang='lat' dir='ltr'><strong>illic</strong></span> <span class='ocrx_word' id='word_1_71' title='bbox 794 950 967 1004; x_wconf 89' lang='lat' dir='ltr'><strong>soceri</strong></span> <span class='ocrx_word' id='word_1_72' title='bbox 1004 949 1138 1003; x_wconf 88' lang='lat' dir='ltr'><strong>mihi</strong></span> <span class='ocrx_word' id='word_1_73' title='bbox 1177 953 1408 1021; x_wconf 77' lang='lat' dir='ltr'><strong>suntque</strong></span> <span class='ocrx_word' id='word_1_74' title='bbox 1448 969 1659 1004; x_wconf 91' lang='lat' dir='ltr'><strong>sorores</strong></span> 
     </span>
     <span class='ocr_line' id='line_1_12' title="bbox 195 1021 1590 1095; baseline 0.001 -19"><span class='ocrx_word' id='word_1_75' title='bbox 195 1021 477 1094; x_wconf 85' lang='lat' dir='ltr'><strong>Coniugis,</strong></span> <span class='ocrx_word' id='word_1_76' title='bbox 518 1028 574 1077; x_wconf 84' lang='lat' dir='ltr'><strong>et</strong></span> <span class='ocrx_word' id='word_1_77' title='bbox 613 1024 827 1078; x_wconf 86' lang='lat' dir='ltr'><strong>Thebas</strong></span> <span class='ocrx_word' id='word_1_78' title='bbox 866 1025 1003 1077; x_wconf 91' lang='lat' dir='ltr'><strong>haut</strong></span> <span class='ocrx_word' id='word_1_79' title='bbox 1029 1024 1340 1095; x_wconf 81' lang='lat' dir='ltr'><strong>ignoranda</strong></span> <span class='ocrx_word' id='word_1_80' title='bbox 1379 1024 1590 1078; x_wconf 90' lang='lat' dir='ltr'><strong>subib0.</strong></span> 
     </span>
    </p>

    <p class='ocr_par' dir='ltr' id='par_1_7' title="bbox 191 1096 1955 1834">
     <span class='ocr_line' id='line_1_13' title="bbox 192 1096 1723 1170; baseline 0 -18"><span class='ocrx_word' id='word_1_81' title='bbox 192 1096 246 1152; x_wconf 93' lang='lat' dir='ltr'>N</span> <span class='ocrx_word' id='word_1_82' title='bbox 250 1116 277 1150; x_wconf 93' lang='lat' dir='ltr'><strong>e</strong></span> <span class='ocrx_word' id='word_1_83' title='bbox 315 1101 531 1151; x_wconf 88' lang='lat' dir='ltr'><strong>tantum</strong></span> <span class='ocrx_word' id='word_1_84' title='bbox 570 1102 817 1152; x_wconf 89' lang='lat' dir='ltr'><strong>revocate</strong></span> <span class='ocrx_word' id='word_1_85' title='bbox 859 1098 1080 1170; x_wconf 89' lang='lat' dir='ltr'><strong>gradus:</strong></span> <span class='ocrx_word' id='word_1_86' title='bbox 1120 1099 1216 1151; x_wconf 91' lang='lat' dir='ltr'><strong>illo</strong></span> <span class='ocrx_word' id='word_1_87' title='bbox 1255 1099 1490 1168; x_wconf 91' lang='lat' dir='ltr'><strong>impetus</strong></span> <span class='ocrx_word' id='word_1_88' title='bbox 1528 1100 1723 1170; x_wconf 90' lang='lat' dir='ltr'><strong>ingens</strong></span> 
     </span>
     <span class='ocr_line' id='line_1_14' title="bbox 193 1171 1884 1243; baseline 0.002 -20"><span class='ocrx_word' id='word_1_89' title='bbox 193 1171 603 1242; x_wconf 87' lang='lat' dir='ltr'><strong>Auguriumque</strong></span> <span class='ocrx_word' id='word_1_90' title='bbox 645 1172 844 1226; x_wconf 89' lang='lat' dir='ltr'><strong>animi.&#39;</strong></span> <span class='ocrx_word' id='word_1_91' title='bbox 913 1171 1029 1226; x_wconf 92' lang='lat' dir='ltr'><strong>Nec</strong></span> <span class='ocrx_word' id='word_1_92' title='bbox 1067 1173 1248 1242; x_wconf 85' lang='lat' dir='ltr'><strong>plura,</strong></span> <span class='ocrx_word' id='word_1_93' title='bbox 1286 1191 1558 1243; x_wconf 91' lang='lat' dir='ltr'><strong>unumque</strong></span> <span class='ocrx_word' id='word_1_94' title='bbox 1597 1173 1884 1227; x_wconf 90' lang='lat' dir='ltr'><strong>Menoeten</strong></span> 
     </span>
     <span class='ocr_line' id='line_1_15' title="bbox 194 1245 1954 1319; baseline 0.002 -21"><span class='ocrx_word' id='word_1_95' title='bbox 194 1245 363 1313; x_wconf 91' lang='lat' dir='ltr'><strong>(Olim</strong></span> <span class='ocrx_word' id='word_1_96' title='bbox 401 1246 491 1299; x_wconf 91' lang='lat' dir='ltr'><strong>hic</strong></span> <span class='ocrx_word' id='word_1_97' title='bbox 529 1247 763 1317; x_wconf 86' lang='lat' dir='ltr'><strong>virginei</strong></span> <span class='ocrx_word' id='word_1_98' title='bbox 802 1250 983 1300; x_wconf 88' lang='lat' dir='ltr'><strong>custos</strong></span> <span class='ocrx_word' id='word_1_99' title='bbox 1022 1248 1365 1317; x_wconf 89' lang='lat' dir='ltr'><strong>monitorque</strong></span> <span class='ocrx_word' id='word_1_100' title='bbox 1403 1247 1652 1318; x_wconf 87' lang='lat' dir='ltr'><strong>pudoris)</strong></span> <span class='ocrx_word' id='word_1_101' title='bbox 1796 1261 1882 1303; x_wconf 80' lang='grc'><strong>205</strong></span> <span class='ocrx_word' id='word_1_102' title='bbox 1935 1278 1954 1319; x_wconf 64' lang='lat' dir='ltr'><strong>[f</strong></span> 
     </span>
     <span class='ocr_line' id='line_1_16' title="bbox 194 1318 1955 1423; baseline 0.002 -51"><span class='ocrx_word' id='word_1_103' title='bbox 194 1319 371 1390; x_wconf 82' lang='lat' dir='ltr'><strong>Eligit</strong></span> <span class='ocrx_word' id='word_1_104' title='bbox 410 1323 488 1390; x_wconf 91' lang='lat' dir='ltr'><strong>et,</strong></span> <span class='ocrx_word' id='word_1_105' title='bbox 529 1340 853 1391; x_wconf 90' lang='lat' dir='ltr'><strong>quamquam</strong></span> <span class='ocrx_word' id='word_1_106' title='bbox 891 1321 1040 1374; x_wconf 89' lang='lat' dir='ltr'><strong>rudis</strong></span> <span class='ocrx_word' id='word_1_107' title='bbox 1081 1323 1241 1390; x_wconf 89' lang='lat' dir='ltr'><strong>atque</strong></span> <span class='ocrx_word' id='word_1_108' title='bbox 1280 1322 1477 1391; x_wconf 90' lang='lat' dir='ltr'><strong>ignara</strong></span> <span class='ocrx_word' id='word_1_109' title='bbox 1516 1322 1778 1392; x_wconf 91' lang='lat' dir='ltr'><strong>locorum,</strong></span> <span class='ocrx_word' id='word_1_110' title='bbox 1924 1318 1955 1423; x_wconf 47' lang='lat' dir='ltr'><strong>‘gf</strong></span> 
     </span>
     <span class='ocr_line' id='line_1_17' title="bbox 192 1393 1954 1465; baseline -0.001 -19"><span class='ocrx_word' id='word_1_111' title='bbox 192 1393 526 1464; x_wconf 83' lang='lat' dir='ltr'><strong>Praecipites</strong></span> <span class='ocrx_word' id='word_1_112' title='bbox 566 1412 807 1465; x_wconf 85' lang='lat' dir='ltr'><strong>gressus,</strong></span> <span class='ocrx_word' id='word_1_113' title='bbox 847 1414 953 1465; x_wconf 91' lang='lat' dir='ltr'><strong>qua</strong></span> <span class='ocrx_word' id='word_1_114' title='bbox 991 1398 1213 1448; x_wconf 89' lang='lat' dir='ltr'><strong>venerat</strong></span> <span class='ocrx_word' id='word_1_115' title='bbox 1251 1394 1512 1465; x_wconf 83' lang='lat' dir='ltr'><strong>OrnytuS,</strong></span> <span class='ocrx_word' id='word_1_116' title='bbox 1554 1396 1741 1450; x_wconf 86' lang='lat' dir='ltr'><strong>aufert.</strong></span> <span class='ocrx_word' id='word_1_117' title='bbox 1924 1415 1954 1461; x_wconf 59' lang='lat'><strong>&#39;32¹</strong></span> 
     </span>
     <span class='ocr_line' id='line_1_18' title="bbox 191 1467 1953 1541; baseline 0.001 -20"><span class='ocrx_word' id='word_1_118' title='bbox 191 1467 373 1537; x_wconf 90' lang='lat' dir='ltr'><strong>Atque</strong></span> <span class='ocrx_word' id='word_1_119' title='bbox 412 1469 507 1521; x_wconf 89' lang='lat' dir='ltr'><strong>ubi</strong></span> <span class='ocrx_word' id='word_1_120' title='bbox 545 1471 661 1523; x_wconf 89' lang='lat' dir='ltr'><strong>visa</strong></span> <span class='ocrx_word' id='word_1_121' title='bbox 699 1471 889 1540; x_wconf 90' lang='lat' dir='ltr'><strong>procul</strong></span> <span class='ocrx_word' id='word_1_122' title='bbox 929 1470 1103 1523; x_wconf 91' lang='lat' dir='ltr'><strong>socias</strong></span> <span class='ocrx_word' id='word_1_123' title='bbox 1142 1469 1365 1539; x_wconf 89' lang='lat' dir='ltr'><strong>liquisse</strong></span> <span class='ocrx_word' id='word_1_124' title='bbox 1404 1471 1691 1541; x_wconf 91' lang='lat' dir='ltr'><strong>malorum,</strong></span> <span class='ocrx_word' id='word_1_125' title='bbox 1939 1475 1953 1482; x_wconf 79' lang='grc'>”</span> 
     </span>
     <span class='ocr_line' id='line_1_19' title="bbox 194 1541 1665 1614; baseline 0.002 -20"><span class='ocrx_word' id='word_1_126' title='bbox 194 1541 399 1595; x_wconf 71' lang='lat' dir='ltr'><strong>‘Anne&#39;</strong></span> <span class='ocrx_word' id='word_1_127' title='bbox 441 1544 538 1612; x_wconf 92' lang='lat' dir='ltr'><strong>ait,</strong></span> <span class='ocrx_word' id='word_1_128' title='bbox 578 1543 833 1598; x_wconf 69' lang='lat' dir='ltr'><strong>‘hostiles</strong></span> <span class='ocrx_word' id='word_1_129' title='bbox 874 1561 974 1614; x_wconf 89' lang='lat' dir='ltr'><strong>ego</strong></span> <span class='ocrx_word' id='word_1_130' title='bbox 1013 1547 1068 1596; x_wconf 88' lang='lat' dir='ltr'><strong>te</strong></span> <span class='ocrx_word' id='word_1_131' title='bbox 1106 1544 1327 1597; x_wconf 92' lang='lat' dir='ltr'><strong>tabente</strong></span> <span class='ocrx_word' id='word_1_132' title='bbox 1366 1563 1464 1613; x_wconf 91' lang='lat' dir='ltr'><strong>per</strong></span> <span class='ocrx_word' id='word_1_133' title='bbox 1505 1561 1665 1614; x_wconf 85' lang='lat' dir='ltr'><strong>agros</strong></span> 
     </span>
     <span class='ocr_line' id='line_1_20' title="bbox 193 1614 1882 1689; baseline 0.003 -20"><span class='ocrx_word' id='word_1_134' title='bbox 193 1614 340 1684; x_wconf 91' lang='lat' dir='ltr'><strong>(Heu</strong></span> <span class='ocrx_word' id='word_1_135' title='bbox 379 1617 531 1670; x_wconf 91' lang='lat' dir='ltr'><strong>dolor</strong></span> <span class='ocrx_word' id='word_1_136' title='bbox 543 1614 580 1689; x_wconf 70' lang='lat' dir='ltr'><strong>l)</strong></span> <span class='ocrx_word' id='word_1_137' title='bbox 623 1621 923 1687; x_wconf 84' lang='lat' dir='ltr'><strong>expectem,</strong></span> <span class='ocrx_word' id='word_1_138' title='bbox 964 1636 1230 1686; x_wconf 86' lang='lat' dir='ltr'><strong>quaenam</strong></span> <span class='ocrx_word' id='word_1_139' title='bbox 1269 1619 1540 1671; x_wconf 87' lang='lat' dir='ltr'><strong>sententia</strong></span> <span class='ocrx_word' id='word_1_140' title='bbox 1577 1619 1712 1672; x_wconf 90' lang='lat' dir='ltr'><strong>lenti</strong></span> <span class='ocrx_word' id='word_1_141' title='bbox 1795 1633 1882 1674; x_wconf 97' lang='grc'><strong>210</strong></span> 
     </span>
     <span class='ocr_line' id='line_1_21' title="bbox 194 1690 1924 1761; baseline 0.002 -19"><span class='ocrx_word' id='word_1_142' title='bbox 194 1690 471 1744; x_wconf 79' lang='lat' dir='ltr'><strong>Theseos?</strong></span> <span class='ocrx_word' id='word_1_143' title='bbox 513 1709 582 1743; x_wconf 93' lang='lat' dir='ltr'><strong>an</strong></span> <span class='ocrx_word' id='word_1_144' title='bbox 622 1692 765 1745; x_wconf 91' lang='lat' dir='ltr'><strong>bello</strong></span> <span class='ocrx_word' id='word_1_145' title='bbox 805 1709 1080 1761; x_wconf 89' lang='lat' dir='ltr'><strong>proceres,</strong></span> <span class='ocrx_word' id='word_1_146' title='bbox 1122 1710 1191 1743; x_wconf 91' lang='lat' dir='ltr'><strong>an</strong></span> <span class='ocrx_word' id='word_1_147' title='bbox 1230 1691 1415 1745; x_wconf 88' lang='lat' dir='ltr'><strong>dexter</strong></span> <span class='ocrx_word' id='word_1_148' title='bbox 1452 1691 1723 1761; x_wconf 82' lang='lat' dir='ltr'><strong>haruspex</strong></span> <span class='ocrx_word' id='word_1_149' title='bbox 1920 1718 1924 1723; x_wconf 53' lang='lat'>²</span> 
     </span>
     <span class='ocr_line' id='line_1_22' title="bbox 192 1764 1503 1834; baseline 0.002 -18"><span class='ocrx_word' id='word_1_150' title='bbox 192 1764 449 1817; x_wconf 82' lang='lat' dir='ltr'><strong>Adnuat‘?</strong></span> <span class='ocrx_word' id='word_1_151' title='bbox 489 1765 695 1818; x_wconf 90' lang='lat' dir='ltr'><strong>interea</strong></span> <span class='ocrx_word' id='word_1_152' title='bbox 734 1765 894 1819; x_wconf 80' lang='lat' dir='ltr'><strong>funus</strong></span> <span class='ocrx_word' id='word_1_153' title='bbox 935 1766 1217 1834; x_wconf 83' lang='lat' dir='ltr'><strong>decrescit3</strong></span> <span class='ocrx_word' id='word_1_154' title='bbox 1258 1768 1313 1818; x_wconf 93' lang='lat' dir='ltr'><strong>et</strong></span> <span class='ocrx_word' id='word_1_155' title='bbox 1351 1766 1503 1819; x_wconf 86' lang='lat' dir='ltr'><strong>uncis</strong></span> 
     </span>
    </p>

    <p class='ocr_par' dir='ltr' id='par_1_8' title="bbox 191 1838 1563 1909">
     <span class='ocr_line' id='line_1_23' title="bbox 191 1838 1563 1909; baseline 0.002 -19"><span class='ocrx_word' id='word_1_156' title='bbox 191 1838 432 1891; x_wconf 91' lang='lat' dir='ltr'><strong>Alitibus</strong></span> <span class='ocrx_word' id='word_1_157' title='bbox 470 1857 582 1892; x_wconf 91' lang='lat' dir='ltr'><strong>non</strong></span> <span class='ocrx_word' id='word_1_158' title='bbox 619 1839 720 1893; x_wconf 88' lang='lat' dir='ltr'><strong>hos</strong></span> <span class='ocrx_word' id='word_1_159' title='bbox 759 1839 939 1909; x_wconf 89' lang='lat' dir='ltr'><strong>potius</strong></span> <span class='ocrx_word' id='word_1_160' title='bbox 981 1840 1333 1909; x_wconf 92' lang='lat' dir='ltr'><strong>supponimus</strong></span> <span class='ocrx_word' id='word_1_161' title='bbox 1375 1840 1563 1893; x_wconf 80' lang='lat' dir='ltr'><strong>artus?</strong></span> 
     </span>
    </p>

    <p class='ocr_par' dir='ltr' id='par_1_9' title="bbox 190 1911 1935 2208">
     <span class='ocr_line' id='line_1_24' title="bbox 190 1911 1828 1986; baseline 0.002 -21"><span class='ocrx_word' id='word_1_162' title='bbox 190 1911 268 1964; x_wconf 77' lang='lat' dir='ltr'><strong>Et</strong></span> <span class='ocrx_word' id='word_1_163' title='bbox 306 1931 449 1965; x_wconf 94' lang='lat' dir='ltr'><strong>nunc</strong></span> <span class='ocrx_word' id='word_1_164' title='bbox 489 1931 575 1966; x_wconf 93' lang='lat' dir='ltr'><strong>me</strong></span> <span class='ocrx_word' id='word_1_165' title='bbox 616 1914 824 1983; x_wconf 88' lang='lat' dir='ltr'><strong>duram,</strong></span> <span class='ocrx_word' id='word_1_166' title='bbox 864 1914 910 1967; x_wconf 93' lang='lat' dir='ltr'><strong>si</strong></span> <span class='ocrx_word' id='word_1_167' title='bbox 949 1914 1069 1983; x_wconf 90' lang='lat' dir='ltr'><strong>quis</strong></span> <span class='ocrx_word' id='word_1_168' title='bbox 1106 1913 1211 1967; x_wconf 89' lang='lat' dir='ltr'><strong>tibi</strong></span> <span class='ocrx_word' id='word_1_169' title='bbox 1251 1932 1439 1968; x_wconf 89' lang='lat' dir='ltr'><strong>sensus</strong></span> <span class='ocrx_word' id='word_1_170' title='bbox 1480 1914 1548 1968; x_wconf 92' lang='lat' dir='ltr'><strong>ad</strong></span> <span class='ocrx_word' id='word_1_171' title='bbox 1586 1916 1828 1986; x_wconf 89' lang='lat' dir='ltr'><strong>umbras,</strong></span> 
     </span>
     <span class='ocr_line' id='line_1_25' title="bbox 192 1985 1930 2058; baseline 0.001 -19"><span class='ocrx_word' id='word_1_172' title='bbox 192 1986 280 2039; x_wconf 90' lang='lat' dir='ltr'><strong>Me</strong></span> <span class='ocrx_word' id='word_1_173' title='bbox 318 1987 529 2040; x_wconf 89' lang='lat' dir='ltr'><strong>tardam</strong></span> <span class='ocrx_word' id='word_1_174' title='bbox 571 1985 774 2058; x_wconf 81' lang='lat' dir='ltr'><strong>Stygiis</strong></span> <span class='ocrx_word' id='word_1_175' title='bbox 816 1988 1076 2057; x_wconf 90' lang='lat' dir='ltr'><strong>quereris,</strong></span> <span class='ocrx_word' id='word_1_176' title='bbox 1114 1988 1397 2058; x_wconf 89' lang='lat' dir='ltr'><strong>fidissime,</strong></span> <span class='ocrx_word' id='word_1_177' title='bbox 1437 1988 1591 2042; x_wconf 85' lang='lat' dir='ltr'><strong>divis.</strong></span> <span class='ocrx_word' id='word_1_178' title='bbox 1795 2003 1880 2044; x_wconf 86' lang='lat'><strong>215</strong></span> <span class='ocrx_word' id='word_1_179' title='bbox 1901 2020 1930 2040; x_wconf 63' lang='grc' dir='ltr'><strong>μ</strong></span> 
     </span>
     <span class='ocr_line' id='line_1_26' title="bbox 191 2060 1935 2132; baseline 0.002 -19"><span class='ocrx_word' id='word_1_180' title='bbox 191 2060 314 2113; x_wconf 89' lang='lat' dir='ltr'><strong>Heu</strong></span> <span class='ocrx_word' id='word_1_181' title='bbox 355 2061 401 2113; x_wconf 92' lang='lat' dir='ltr'><strong>si</strong></span> <span class='ocrx_word' id='word_1_182' title='bbox 437 2062 611 2114; x_wconf 92' lang='lat' dir='ltr'><strong>nudus</strong></span> <span class='ocrx_word' id='word_1_183' title='bbox 653 2062 847 2130; x_wconf 92' lang='lat' dir='ltr'><strong>adhuc,</strong></span> <span class='ocrx_word' id='word_1_184' title='bbox 887 2062 994 2115; x_wconf 89' lang='lat' dir='ltr'><strong>heu</strong></span> <span class='ocrx_word' id='word_1_185' title='bbox 1033 2063 1080 2115; x_wconf 92' lang='lat' dir='ltr'><strong>si</strong></span> <span class='ocrx_word' id='word_1_186' title='bbox 1117 2063 1228 2115; x_wconf 92' lang='lat' dir='ltr'><strong>iam</strong></span> <span class='ocrx_word' id='word_1_187' title='bbox 1267 2061 1408 2116; x_wconf 88' lang='lat' dir='ltr'><strong>forte</strong></span> <span class='ocrx_word' id='word_1_188' title='bbox 1449 2064 1715 2132; x_wconf 90' lang='lat' dir='ltr'><strong>sepultus:</strong></span> <span class='ocrx_word' id='word_1_189' title='bbox 1923 2062 1935 2083; x_wconf 53' lang='lat'><strong>²⁶</strong></span> 
     </span>
     <span class='ocr_line' id='line_1_27' title="bbox 197 2133 1747 2208; baseline 0.003 -21"><span class='ocrx_word' id='word_1_190' title='bbox 197 2133 460 2188; x_wconf 88' lang='lat' dir='ltr'><strong>Nostrum</strong></span> <span class='ocrx_word' id='word_1_191' title='bbox 499 2139 791 2206; x_wconf 85' lang='lat' dir='ltr'><strong>utrumque</strong></span> <span class='ocrx_word' id='word_1_192' title='bbox 824 2135 1001 2205; x_wconf 79' lang='lat' dir='ltr'><strong>nefas3</strong></span> <span class='ocrx_word' id='word_1_193' title='bbox 1041 2135 1173 2190; x_wconf 92' lang='lat' dir='ltr'><strong>adeo</strong></span> <span class='ocrx_word' id='word_1_194' title='bbox 1213 2136 1295 2189; x_wconf 90' lang='lat' dir='ltr'><strong>vis</strong></span> <span class='ocrx_word' id='word_1_195' title='bbox 1333 2137 1482 2189; x_wconf 92' lang='lat' dir='ltr'><strong>nulla</strong></span> <span class='ocrx_word' id='word_1_196' title='bbox 1521 2138 1747 2208; x_wconf 87' lang='lat' dir='ltr'><strong>dolenti,</strong></span> 
     </span>
    </p>

    <p class='ocr_par' dir='ltr' id='par_1_10' title="bbox 191 2208 1758 2282">
     <span class='ocr_line' id='line_1_28' title="bbox 191 2208 1758 2282; baseline 0.003 -22"><span class='ocrx_word' id='word_1_197' title='bbox 191 2208 340 2261; x_wconf 92' lang='lat' dir='ltr'><strong>Mors</strong></span> <span class='ocrx_word' id='word_1_198' title='bbox 378 2228 646 2278; x_wconf 88' lang='lat' dir='ltr'><strong>nusquam</strong></span> <span class='ocrx_word' id='word_1_199' title='bbox 687 2228 946 2263; x_wconf 84' lang='lat' dir='ltr'><strong>saevusve</strong></span> <span class='ocrx_word' id='word_1_200' title='bbox 988 2209 1200 2264; x_wconf 80' lang='lat' dir='ltr'><strong>Creon?</strong></span> <span class='ocrx_word' id='word_1_201' title='bbox 1240 2211 1477 2264; x_wconf 88' lang='lat' dir='ltr'><strong>hortaris</strong></span> <span class='ocrx_word' id='word_1_202' title='bbox 1519 2215 1758 2282; x_wconf 92' lang='lat' dir='ltr'><strong>euntem,</strong></span> 
     </span>
    </p>
   </div>
   <div class='ocr_carea' id='block_1_3' title="bbox 1938 0 1976 3126">
    <p class='ocr_par' dir='ltr' id='par_1_11' title="bbox 1938 0 1976 3126">
     <span class='ocr_line' id='line_1_29' title="bbox 1938 0 1976 3126; baseline 0 0"><span class='ocrx_word' id='word_1_203' title='bbox 1938 0 1976 3126; x_wconf 95' lang='lat' dir='ltr'><strong> </strong></span> 
     </span>
    </p>
   </div>
   <div class='ocr_carea' id='block_1_4' title="bbox 190 2305 546 2312">
    <p class='ocr_par' dir='ltr' id='par_1_12' title="bbox 190 2305 546 2312">
     <span class='ocr_line' id='line_1_30' title="bbox 190 2305 546 2312; baseline 0 814"><span class='ocrx_word' id='word_1_204' title='bbox 190 2305 546 2312; x_wconf 95' lang='lat' dir='ltr'><strong> </strong></span> 
     </span>
    </p>
   </div>
   <div class='ocr_carea' id='block_1_5' title="bbox 191 2347 1878 2464">
    <p class='ocr_par' dir='ltr' id='par_1_13' title="bbox 191 2347 1878 2464">
     <span class='ocr_line' id='line_1_31' title="bbox 311 2347 1878 2408; baseline 0.003 -17"><span class='ocrx_word' id='word_1_205' title='bbox 311 2352 409 2392; x_wconf 90' lang='grc'><strong>218.</strong></span> <span class='ocrx_word' id='word_1_206' title='bbox 448 2347 676 2392; x_wconf 78' lang='lat' dir='ltr'><strong>‘hortaris</strong></span> <span class='ocrx_word' id='word_1_207' title='bbox 710 2349 923 2392; x_wconf 85' lang='lat' dir='ltr'><strong>euntem’</strong></span> <span class='ocrx_word' id='word_1_208' title='bbox 951 2363 1042 2406; x_wconf 76' lang='lat' dir='ltr'><strong>pro</strong></span> <span class='ocrx_word' id='word_1_209' title='bbox 1077 2348 1306 2393; x_wconf 78' lang='lat' dir='ltr'><strong>‘hortaris</strong></span> <span class='ocrx_word' id='word_1_210' title='bbox 1331 2348 1619 2408; x_wconf 64' lang='lat' dir='ltr'><strong>ire’gdictum</strong></span> <span class='ocrx_word' id='word_1_211' title='bbox 1642 2363 1731 2395; x_wconf 80' lang='lat' dir='ltr'><strong>esse</strong></span> <span class='ocrx_word' id='word_1_212' title='bbox 1754 2349 1878 2394; x_wconf 80' lang='lat' dir='ltr'><strong>docet</strong></span> 
     </span>
     <span class='ocr_line' id='line_1_32' title="bbox 191 2405 1159 2464; baseline 0.003 -15"><span class='ocrx_word' id='word_1_213' title='bbox 191 2405 463 2451; x_wconf 88' lang='lat' dir='ltr'><strong>Priscian.</strong></span> <span class='ocrx_word' id='word_1_214' title='bbox 501 2407 651 2452; x_wconf 85' lang='lat' dir='ltr'>XVIII</span> <span class='ocrx_word' id='word_1_215' title='bbox 685 2413 770 2452; x_wconf 83' lang='lat'><strong>235</strong></span> <span class='ocrx_word' id='word_1_216' title='bbox 802 2423 845 2464; x_wconf 88' lang='lat' dir='ltr'><strong>p.</strong></span> <span class='ocrx_word' id='word_1_217' title='bbox 882 2413 980 2464; x_wconf 82' lang='grc'><strong>324,</strong></span> <span class='ocrx_word' id='word_1_218' title='bbox 1018 2413 1071 2452; x_wconf 87' lang='grc'><strong>16</strong></span> <span class='ocrx_word' id='word_1_219' title='bbox 1103 2408 1159 2452; x_wconf 93' lang='grc' dir='ltr'><strong>Η.</strong></span> 
     </span>
    </p>
   </div>
   <div class='ocr_carea' id='block_1_6' title="bbox 191 2492 547 2497">
    <p class='ocr_par' dir='ltr' id='par_1_14' title="bbox 191 2492 547 2497">
     <span class='ocr_line' id='line_1_33' title="bbox 191 2492 547 2497; baseline 0 0"><span class='ocrx_word' id='word_1_220' title='bbox 191 2492 547 2497; x_wconf 95' lang='lat' dir='ltr'><strong> </strong></span> 
     </span>
    </p>
   </div>
   <div class='ocr_carea' id='block_1_7' title="bbox 190 2531 1878 2948">
    <p class='ocr_par' dir='ltr' id='par_1_15' title="bbox 190 2531 1878 2948">
     <span class='ocr_line' id='line_1_34' title="bbox 314 2531 1876 2591; baseline 0.002 -15"><span class='ocrx_word' id='word_1_221' title='bbox 314 2537 399 2576; x_wconf 84' lang='grc'><strong>194</strong></span> <span class='ocrx_word' id='word_1_222' title='bbox 430 2531 648 2589; x_wconf 88' lang='lat' dir='ltr'><strong>Egrescit</strong></span> <span class='ocrx_word' id='word_1_223' title='bbox 678 2531 811 2576; x_wconf 86' lang='lat' dir='ltr'><strong>furiis</strong></span> <span class='ocrx_word' id='word_1_224' title='bbox 843 2537 875 2575; x_wconf 87' lang='lat'><strong>1’</strong></span> <span class='ocrx_word' id='word_1_225' title='bbox 908 2533 1055 2590; x_wconf 65' lang='lat' dir='ltr'><strong>Lips„</strong></span> <span class='ocrx_word' id='word_1_226' title='bbox 1089 2533 1210 2578; x_wconf 86' lang='lat' dir='ltr'><strong>curis</strong></span> <span class='ocrx_word' id='word_1_227' title='bbox 1241 2538 1274 2577; x_wconf 84' lang='lat' dir='ltr'>B</span> <span class='ocrx_word' id='word_1_228' title='bbox 1308 2535 1385 2591; x_wconf 82' lang='lat' dir='ltr'><strong>(al.</strong></span> <span class='ocrx_word' id='word_1_229' title='bbox 1410 2549 1468 2579; x_wconf 85' lang='lat' dir='ltr'><strong>m.</strong></span> <span class='ocrx_word' id='word_1_230' title='bbox 1501 2548 1556 2579; x_wconf 75' lang='lat' dir='ltr'><strong>ex</strong></span> <span class='ocrx_word' id='word_1_231' title='bbox 1586 2533 1721 2578; x_wconf 86' lang='lat' dir='ltr'><strong>furiis</strong></span> <span class='ocrx_word' id='word_1_232' title='bbox 1745 2534 1876 2589; x_wconf 82' lang='lat' dir='ltr'><strong>corr.)</strong></span> 
     </span>
     <span class='ocr_line' id='line_1_35' title="bbox 193 2591 1878 2652; baseline 0.001 -18"><span class='ocrx_word' id='word_1_233' title='bbox 193 2591 303 2634; x_wconf 67' lang='lat'>(3211</span> <span class='ocrx_word' id='word_1_234' title='bbox 326 2595 341 2648; x_wconf 79' lang='lat' dir='ltr'>fl</span> <span class='ocrx_word' id='word_1_235' title='bbox 365 2596 449 2635; x_wconf 93' lang='grc'><strong>201</strong></span> <span class='ocrx_word' id='word_1_236' title='bbox 484 2605 679 2647; x_wconf 90' lang='lat' dir='ltr'><strong>cumque</strong></span> <span class='ocrx_word' id='word_1_237' title='bbox 710 2597 743 2634; x_wconf 86' lang='lat' dir='ltr'>P</span> <span class='ocrx_word' id='word_1_238' title='bbox 770 2606 842 2648; x_wconf 76' lang='lat' dir='ltr'><strong>pr.</strong></span> <span class='ocrx_word' id='word_1_239' title='bbox 867 2607 940 2648; x_wconf 85' lang='lat' dir='ltr'><strong>m.‚</strong></span> <span class='ocrx_word' id='word_1_240' title='bbox 974 2594 1032 2638; x_wconf 86' lang='lat' dir='ltr'><strong>al.</strong></span> <span class='ocrx_word' id='word_1_241' title='bbox 1058 2607 1115 2638; x_wconf 85' lang='lat' dir='ltr'><strong>m.</strong></span> <span class='ocrx_word' id='word_1_242' title='bbox 1149 2594 1259 2637; x_wconf 91' lang='lat' dir='ltr'><strong>sunt</strong></span> <span class='ocrx_word' id='word_1_243' title='bbox 1287 2606 1515 2651; x_wconf 76' lang='lat' dir='ltr'><strong>suprascr.</strong></span> <span class='ocrx_word' id='word_1_244' title='bbox 1540 2595 1555 2652; x_wconf 83' lang='lat' dir='ltr'>ss</span> <span class='ocrx_word' id='word_1_245' title='bbox 1579 2598 1664 2638; x_wconf 82' lang='grc'><strong>207</strong></span> <span class='ocrx_word' id='word_1_246' title='bbox 1698 2592 1878 2647; x_wconf 70' lang='lat' dir='ltr'><strong>auferat</strong></span> 
     </span>
     <span class='ocr_line' id='line_1_36' title="bbox 192 2650 1878 2710; baseline 0.002 -18"><span class='ocrx_word' id='word_1_247' title='bbox 192 2655 224 2692; x_wconf 98' lang='lat' dir='ltr'>P</span> <span class='ocrx_word' id='word_1_248' title='bbox 263 2664 317 2694; x_wconf 89' lang='lat' dir='ltr'><strong>ac</strong></span> <span class='ocrx_word' id='word_1_249' title='bbox 362 2651 456 2695; x_wconf 88' lang='lat' dir='ltr'><strong>fert</strong></span> <span class='ocrx_word' id='word_1_250' title='bbox 496 2656 522 2694; x_wconf 86' lang='lat' dir='ltr'>S</span> <span class='ocrx_word' id='word_1_251' title='bbox 561 2666 644 2696; x_wconf 82' lang='lat' dir='ltr'><strong>rec.</strong></span> <span class='ocrx_word' id='word_1_252' title='bbox 685 2666 741 2696; x_wconf 86' lang='lat' dir='ltr'><strong>m.</strong></span> <span class='ocrx_word' id='word_1_253' title='bbox 792 2650 927 2695; x_wconf 87' lang='lat' dir='ltr'><strong>affert</strong></span> <span class='ocrx_word' id='word_1_254' title='bbox 965 2667 987 2694; x_wconf 83' lang='grc'><strong>0</strong></span> <span class='ocrx_word' id='word_1_255' title='bbox 1028 2654 1143 2710; x_wconf 79' lang='lat' dir='ltr'><strong>(ead.</strong></span> <span class='ocrx_word' id='word_1_256' title='bbox 1183 2667 1239 2698; x_wconf 86' lang='lat' dir='ltr'><strong>m.</strong></span> <span class='ocrx_word' id='word_1_257' title='bbox 1281 2667 1336 2698; x_wconf 79' lang='lat' dir='ltr'><strong>ex</strong></span> <span class='ocrx_word' id='word_1_258' title='bbox 1383 2654 1535 2698; x_wconf 88' lang='lat' dir='ltr'><strong>aufert</strong></span> <span class='ocrx_word' id='word_1_259' title='bbox 1573 2654 1706 2709; x_wconf 82' lang='lat' dir='ltr'><strong>corr.)</strong></span> <span class='ocrx_word' id='word_1_260' title='bbox 1747 2650 1878 2696; x_wconf 87' lang='lat' dir='ltr'><strong>effert</strong></span> 
     </span>
     <span class='ocr_line' id='line_1_37' title="bbox 190 2709 1875 2769; baseline 0.001 -16"><span class='ocrx_word' id='word_1_261' title='bbox 190 2710 418 2755; x_wconf 79' lang='lat' dir='ltr'><strong>Barthius</strong></span> <span class='ocrx_word' id='word_1_262' title='bbox 440 2711 456 2768; x_wconf 86' lang='grc' dir='ltr'><strong>ΙΙ</strong></span> <span class='ocrx_word' id='word_1_263' title='bbox 487 2715 572 2755; x_wconf 88' lang='grc'><strong>209</strong></span> <span class='ocrx_word' id='word_1_264' title='bbox 604 2711 796 2754; x_wconf 86' lang='lat' dir='ltr'><strong>tabente</strong></span> <span class='ocrx_word' id='word_1_265' title='bbox 827 2715 860 2753; x_wconf 87' lang='lat' dir='ltr'>P</span> <span class='ocrx_word' id='word_1_266' title='bbox 896 2710 1087 2756; x_wconf 75' lang='lat' dir='ltr'><strong>Grotius</strong></span> <span class='ocrx_word' id='word_1_267' title='bbox 1116 2711 1307 2756; x_wconf 83' lang='lat' dir='ltr'><strong>labente</strong></span> <span class='ocrx_word' id='word_1_268' title='bbox 1337 2712 1491 2755; x_wconf 68' lang='lat' dir='ltr'><strong>Beffl</strong></span> <span class='ocrx_word' id='word_1_269' title='bbox 1520 2714 1536 2769; x_wconf 85' lang='grc' dir='ltr'><strong>ΙΙ</strong></span> <span class='ocrx_word' id='word_1_270' title='bbox 1566 2717 1650 2756; x_wconf 89' lang='grc'><strong>212</strong></span> <span class='ocrx_word' id='word_1_271' title='bbox 1684 2709 1875 2756; x_wconf 80' lang='lat' dir='ltr'><strong>aduncis</strong></span> 
     </span>
     <span class='ocr_line' id='line_1_38' title="bbox 191 2769 1876 2830; baseline -0.001 -17"><span class='ocrx_word' id='word_1_272' title='bbox 191 2769 302 2814; x_wconf 79' lang='lat' dir='ltr'><strong>Beh.</strong></span> <span class='ocrx_word' id='word_1_273' title='bbox 350 2783 435 2814; x_wconf 84' lang='lat' dir='ltr'><strong>rec.</strong></span> <span class='ocrx_word' id='word_1_274' title='bbox 483 2784 538 2814; x_wconf 83' lang='lat' dir='ltr'><strong>m.</strong></span> <span class='ocrx_word' id='word_1_275' title='bbox 581 2771 762 2827; x_wconf 75' lang='lat' dir='ltr'><strong>Anylic.</strong></span> <span class='ocrx_word' id='word_1_276' title='bbox 797 2771 924 2826; x_wconf 75' lang='lat' dir='ltr'><strong>prob.</strong></span> <span class='ocrx_word' id='word_1_277' title='bbox 966 2771 1160 2816; x_wconf 72' lang='lat' dir='ltr'><strong>Heinsio</strong></span> <span class='ocrx_word' id='word_1_278' title='bbox 1198 2773 1213 2828; x_wconf 88' lang='grc' dir='ltr'><strong>ΙΙ</strong></span> <span class='ocrx_word' id='word_1_279' title='bbox 1252 2776 1338 2815; x_wconf 83' lang='grc'><strong>215</strong></span> <span class='ocrx_word' id='word_1_280' title='bbox 1386 2771 1555 2830; x_wconf 86' lang='lat' dir='ltr'><strong>stygiis</strong></span> <span class='ocrx_word' id='word_1_281' title='bbox 1602 2770 1806 2827; x_wconf 86' lang='lat' dir='ltr'><strong>quereris</strong></span> <span class='ocrx_word' id='word_1_282' title='bbox 1842 2773 1876 2812; x_wconf 86' lang='lat' dir='ltr'>P</span> 
     </span>
     <span class='ocr_line' id='line_1_39' title="bbox 193 2827 1875 2888; baseline 0.001 -17"><span class='ocrx_word' id='word_1_283' title='bbox 193 2830 397 2882; x_wconf 88' lang='lat' dir='ltr'><strong>quereris</strong></span> <span class='ocrx_word' id='word_1_284' title='bbox 431 2828 598 2886; x_wconf 83' lang='lat' dir='ltr'><strong>stygiis</strong></span> <span class='ocrx_word' id='word_1_285' title='bbox 633 2829 742 2872; x_wconf 59' lang='lat'><strong>(4²11</strong></span> <span class='ocrx_word' id='word_1_286' title='bbox 775 2829 1010 2885; x_wconf 89' lang='lat' dir='ltr'><strong>quaereris</strong></span> <span class='ocrx_word' id='word_1_287' title='bbox 1043 2829 1211 2888; x_wconf 85' lang='lat' dir='ltr'><strong>stygiis</strong></span> <span class='ocrx_word' id='word_1_288' title='bbox 1242 2834 1276 2873; x_wconf 89' lang='grc' dir='ltr'>Β</span> <span class='ocrx_word' id='word_1_289' title='bbox 1299 2833 1316 2888; x_wconf 78' lang='grc' dir='ltr'><strong>ΙΙ</strong></span> <span class='ocrx_word' id='word_1_290' title='bbox 1339 2836 1424 2876; x_wconf 83' lang='grc'><strong>217</strong></span> <span class='ocrx_word' id='word_1_291' title='bbox 1455 2830 1766 2885; x_wconf 88' lang='lat' dir='ltr'><strong>Nostrumque</strong></span> <span class='ocrx_word' id='word_1_292' title='bbox 1798 2833 1830 2872; x_wconf 83' lang='lat' dir='ltr'>P</span> <span class='ocrx_word' id='word_1_293' title='bbox 1859 2827 1875 2886; x_wconf 86' lang='grc'><strong>11</strong></span> 
     </span>
     <span class='ocr_line' id='line_1_40' title="bbox 191 2891 1506 2948; baseline 0.004 -19"><span class='ocrx_word' id='word_1_294' title='bbox 191 2891 277 2930; x_wconf 89' lang='grc'><strong>218</strong></span> <span class='ocrx_word' id='word_1_295' title='bbox 310 2901 534 2933; x_wconf 86' lang='lat' dir='ltr'><strong>saevusne</strong></span> <span class='ocrx_word' id='word_1_296' title='bbox 566 2893 599 2930; x_wconf 88' lang='lat' dir='ltr'>P</span> <span class='ocrx_word' id='word_1_297' title='bbox 631 2902 885 2944; x_wconf 89' lang='lat' dir='ltr'><strong>saevusque</strong></span> <span class='ocrx_word' id='word_1_298' title='bbox 922 2891 1054 2935; x_wconf 80' lang='lat' dir='ltr'><strong>ceteri</strong></span> <span class='ocrx_word' id='word_1_299' title='bbox 1085 2903 1309 2934; x_wconf 87' lang='lat' dir='ltr'><strong>saevusve</strong></span> <span class='ocrx_word' id='word_1_300' title='bbox 1341 2891 1506 2948; x_wconf 77' lang='lat' dir='ltr'><strong>scripsi</strong></span> 
     </span>
    </p>
   </div>
  </div>
 </body>
</html>
