1988 3106
674 183 986 229 SILUARUM
1017 185 1067 229 L.
1100 185 1135 240 Ι,
1167 189 1208 231 2.
1761 190 1826 241 ll

60 300 380 372 Demigrant
416 301 671 356 Helicone
719 303 848 355 deae
895 303 1246 372 quatiuntque
1292 322 1504 358 nouena

59 374 330 445 Lampade
369 375 678 429 sollemnem
718 375 974 428 thalamis
1006 377 1319 430 coeuntibus
1350 378 1533 448 ignem
1800 395 1828 435 5

58 446 135 501 Et
173 448 236 501 de
274 447 461 502 Pieriis
499 450 739 502 uocalem
778 449 1021 501 fontibus
1060 450 1273 502 undam.

60 520 205 583 Quas
243 522 386 575 inter
423 522 575 575 uultu
615 522 862 591 petulans
901 521 1104 591 Elegea
1149 524 1475 593 propinquat

57 593 267 648 Celsior
305 595 528 648 adsueto
567 595 823 664 diuasque
861 595 1108 648 hortatur
1146 600 1200 650 et
1238 597 1408 650 ambit

60 667 345 721 Alternum
383 668 586 722 fultura
622 668 811 737 pedem
849 668 1212 738 decimamque
1252 670 1421 723 uideri

60 738 129 794 Se
168 741 315 810 cupit
353 744 406 795 et
443 741 644 794 medias
685 742 825 794 fallit
861 743 1125 810 permixta
1164 761 1388 797 sorores,
1768 760 1825 800 10

53 812 184 883 Ipsa
222 833 383 868 manu
420 818 646 884 nuptam
685 815 927 885 genetrix
966 816 1170 868 Aeneia
1209 816 1355 869 ducit

58 884 288 941 Lumina
325 888 609 941 demissam
649 892 703 941 et
741 888 881 941 dulci
920 889 1188 957 probitate
1226 890 1529 961 rubentem,-

52 958 185 1029 Ipsa
220 964 368 1015 toros
408 964 462 1014 et
500 979 651 1014 sacra
689 965 845 1030 parat
882 961 1165 1031 cinctuque
1205 962 1397 1016 Latino

57 1032 408 1088 Dissimulata
447 1034 598 1088 deam
639 1035 839 1087 crinem
879 1036 1165 1104 uultusque
1206 1053 1478 1106 genasque

55 1105 347 1177 Temperat
383 1111 543 1178 atque
581 1126 725 1161 noua
764 1109 927 1178 gestit
965 1110 1140 1162 minor
1178 1109 1255 1162 ire
1295 1112 1501 1165 marita.
1770 1126 1825 1166 15

57 1178 238 1235 Nosco
278 1181 417 1235 diem
455 1199 747 1249 causasque
788 1182 947 1234 sacri:
988 1185 1039 1235 te
1078 1183 1311 1236 concinit
1350 1184 1449 1236 iste

59 1252 262 1323 (Pande
300 1252 507 1326 fores!)‚
545 1258 613 1323 te,
654 1255 834 1324 Stella,
872 1254 1091 1323 chorus3
1130 1256 1226 1307 tibi
1255 1255 1503 1310 Phoebus
1545 1260 1598 1310 et
1629 1258 1823 1311 Euhan

51 1325 131 1380 Et
168 1327 232 1380 de
270 1326 542 1381 Maenalia
579 1328 795 1381 uolucer
834 1327 1153 1398 Tegeaticus
1194 1329 1385 1382 umbra

53 1398 211 1454 Serta
248 1401 440 1454 ferunt.
514 1418 612 1453 nec
650 1400 879 1454 blandus
919 1402 1089 1454 Amor
1126 1419 1223 1454 nec
1263 1402 1451 1455 Gratia
1490 1410 1664 1457 cessat

51 1473 377 1543 Amplexum
416 1473 604 1527 niueos
644 1477 861 1543 optatae
900 1475 1145 1544 coniugis
1185 1479 1334 1528 artus
1766 1492 1823 1533 20

51 1545 300 1600 Floribus
339 1547 631 1600 innumeris
671 1550 724 1599 et
761 1548 924 1600 olenti
966 1565 1216 1617 spargere
1254 1550 1457 1602 nimbo.

53 1618 138 1673 Tu
176 1621 335 1674 modo
375 1620 554 1673 fronte
592 1638 758 1683 rosas,
797 1621 955 1674 uiolis
995 1622 1154 1674 modo
1194 1622 1308 1675 lilia
1348 1623 1518 1675 mixta

49 1690 274 1763 ,Excipis
314 1696 368 1747 et
406 1693 652 1746 dominae
690 1694 863 1747 niueis
904 1712 936 1746 a
972 1694 1210 1747 uultibus
1251 1696 1451 1749 obstas

53 1765 201 1836 Ergo
241 1766 354 1820 dies
393 1767 576 1820 aderat
613 1766 901 1819 Parcarum
940 1768 1183 1820 conditus
1225 1769 1350 1821 albo

51 1835 280 1909 Uellere,
320 1858 424 1910 quo
466 1839 664 1893 Stellae
702 1839 1153 1910 Uiolentillaeque
1191 1843 1464 1910 professus
1763 1858 1819 1898 25

51 1911 389 1966 Clamaretur
424 1913 636 1982 hymen.
712 1914 901 1966 cedant
941 1932 1199 1983 curaeque
1240 1919 1539 1985 metusque,

54 1985 278 2040 Cessent
315 1987 596 2039 mendaces
636 1987 841 2056 obliqui
882 1988 1132 2040 carminis
1173 1993 1346 2056 astuS‚

53 2058 223 2114 Fama
259 2064 399 2114 tace:
461 2060 626 2113 subiit
670 2061 815 2129 leges
854 2063 908 2112 et
944 2061 1094 2113 frena
1133 2062 1423 2115 momordit

51 2132 150 2186 Ille
189 2134 394 2187 solutus
435 2151 606 2186 amor:
645 2137 965 2202 consumpta
1004 2138 1086 2186 est
1123 2135 1309 2187 fabula
1348 2136 1515 2204 uulgi,

51 2205 127 2259 Et
162 2208 380 2259 narrata
419 2205 509 2258 diu
547 2206 794 2258 uiderunt
833 2207 1015 2259 oscula
1053 2208 1212 2259 ciues,
1760 2225 1819 2264 30

48 2278 137 2332 -Tu
173 2283 356 2333 tamen
394 2279 671 2344 attonitus
712 2281 955 2347 quamuis
996 2280 1121 2332 data
1160 2282 1314 2349 copia
1350 2285 1536 2334 tantae

52 2351 242 2423 SortiS‚
282 2353 455 2406 adhuc
494 2355 650 2422 optas
689 2353 1054 2422 permissaque
1092 2356 1310 2407 numine
1350 2355 1535 2408 dextro

51 2423 198 2480 Uota
234 2444 414 2495 paues,
490 2444 629 2494 pone
670 2444 700 2478 o
741 2426 923 2495 dulcis,
961 2428 1206 2495 suspiria,
1243 2433 1418 2496 uateS‚

170 2589 195 2628 9
227 2583 402 2627 fultura
434 2587 483 2627 ςε
516 2583 696 2628 factura
727 2589 755 2626 0
787 2600 814 2627 a
843 2585 1044 2629 fractura
1076 2585 1325 2629 Geuartius
1355 2588 1561 2630 tractura
1592 2587 1815 2631 Heinsius

48 2638 66 2702 ΙΙ
105 2646 157 2685 11
200 2641 329 2686 ducit
366 2645 423 2685 A:
464 2642 596 2687 duxit
634 2647 662 2684 0
691 2644 707 2699 ΙΙ
740 2649 792 2686 12
833 2643 1027 2686 Lumine
1066 2649 1094 2685 0
1125 2658 1152 2685 a
1174 2646 1190 2699 ΙΙ
1217 2650 1268 2687 13
1300 2644 1543 2700 cinctuque
1567 2646 1814 2690 Bartleius:

49 2702 246 2759 cetuque
278 2705 307 2742 0
338 2715 365 2743 a
396 2700 616 2756 cultuque
652 2701 702 2744 T.
735 2701 890 2745 Faber
918 2704 934 2757 ΙΙ
965 2707 1020 2745 23
1054 2702 1251 2746 dominis
1284 2703 1429 2746 niueis
1462 2708 1490 2744 0
1522 2719 1549 2746 a
1571 2706 1586 2759 ΙΙ
1611 2710 1663 2748 27
1698 2719 1814 2749 mor-

49 2756 186 2803 daces
220 2759 392 2803 Markl.
437 2761 443 2814 Ι
485 2773 622 2803 ausus
654 2760 901 2812 Heinsius‚·
937 2761 1091 2804 malim
1132 2761 1220 2804 obl.
1254 2762 1502 2805 murmuris
1534 2777 1662 2806 orsus
1702 2765 1718 2818 ΙΙ
1758 2769 1813 2806 32
1844 2791 1848 2793 >

50 2814 194 2861 Sortis
228 2818 427 2861 Markl.:
458 2818 620 2862 Noctis
651 2822 680 2860 0
718 2819 779 2873 a}
814 2818 1127 2874 premissaque
1166 2820 1239 2863 uel
1274 2820 1590 2876 promissaque
1628 2823 1722 2875 (ita
1764 2826 1815 2878 a)

49 2877 92 2931 0,
125 2888 237 2920 corr.
271 2876 496 2920 Heinsius

39 3025 54 3062 ,3

39 3070 67 3106 .1
