2020 3106
24 154 29 241 ἰ
670 147 1078 194 AOHILLEIDOS
1110 147 1162 192 L.
1196 146 1228 191 1.
1717 143 1785 197 31

55 311 74 344 2
244 270 464 341 Iamque
502 288 598 340 per
638 269 888 341 Aegaeos
928 269 1046 322 ibat
1083 266 1301 321 Laertia
1339 266 1507 319 flexus
1703 278 1789 318 675

96 344 324 415 Puppis,
364 347 418 397 et
454 344 764 398 innumeras
806 343 1093 396 mutabant
1131 340 1392 412 Cycladas
1433 357 1615 393 aurae:

68 415 213 473 'Iam
252 418 423 472 Paros
463 416 791 487 Olearosque
830 417 1028 485 latent3
1068 417 1176 470 iam
1217 415 1422 468 raditur
1461 413 1576 466 alta

97 491 330 547 Lemnos
371 494 426 545 et
464 509 496 545 a
533 493 687 562 tergo
728 491 987 544 decrescit
1025 490 1294 546 Bacchica
1330 487 1539 557 NaxOS,

55 566 240 622 oAnte
280 566 464 620 oculos
504 567 777 619 crescente
819 563 1002 633 Sam03
1044 565 1153 617 iam
1194 564 1361 618 Delos
1403 565 1598 631 opacat

99 638 336 711 Aequor:
376 639 454 693 ibi
493 656 521 692 e
561 639 705 693 celsa
743 639 921 691 libant
959 639 1236 692 carchesia
1274 654 1452 707 puppe
1707 647 1793 688 680

98 713 468 785 Responsique
506 713 667 766 fidem
708 715 762 765 et
800 731 987 765 verum
1028 711 1327 766 Calchanta
1366 714 1665 780 precantur.

99 787 291 842 Audiit
327 786 696 857 Arquitenens
737 786 1148 856 Zephyrumque
1189 805 1217 839 e
1257 787 1455 839 vertice
1495 783 1699 854 Cynthi

99 860 326 932 Impulit
365 864 420 915 et
457 860 635 914 dubiis
675 861 837 930 pleno
878 861 1027 914 dedit
1066 861 1250 914 omina
1289 860 1423 913 velo,

25 952 80 988 210
100 934 153 989 It
189 935 372 1007 pelagi
411 952 600 989 secura
637 935 792 988 ratis:
834 934 1034 1004 quippe
1075 935 1187 987 alta
1228 933 1495 987 Tonantis

99 1008 256 1064 Iussa
293 1009 491 1063 Thetin
531 1011 705 1063 certas
745 1009 982 1062 fatorum
1023 1013 1230 1061 vertere
1269 1009 1419 1079 leges
1708 1019 1795 1059 685

102 1083 376 1137 Arcebant
412 1099 632 1153 aegram
669 1082 907 1136 lacrimis
948 1101 1010 1135 ac
1050 1083 1222 1135 multa
1260 1083 1587 1154 gementem,

104 1156 259 1221 Quod
295 1175 407 1211 non
447 1159 659 1210 erueret
696 1159 924 1226 pontum
964 1156 1244 1226 ventisque
1282 1156 1542 1225 fretisque

103 1229 366 1285 Omnibus
405 1230 641 1284 invisum
680 1230 791 1283 iam
830 1233 959 1287 ‚tunc
999 1233 1311 1299 sequeretur
1348 1230 1579 1283 Ulixem.

39 1318 80 1352 1⁵
249 1303 560 1375 Frangebat
597 1305 777 1357 radios
817 1304 1012 1356 humili
1050 1305 1158 1356 iam
1184 1322 1392 1373 pronus
1426 1303 1659 1373 Olympo

102 1377 355 1432 Phoebus
402 1380 457 1432 et
496 1377 695 1431 Oceani
733 1377 1067 1447 penetrabile
1107 1378 1237 1431 litus
1278 1378 1488 1431 anhelis
1709 1391 1796 1431 690

103 1450 463 1511 Promittebat
502 1452 678 1522 equis:
718 1469 839 1505 cum
881 1470 937 1505 se
978 1453 1265 1520 scopulosa
1303 1452 1507 1505 levavit

106 1523 324 1595 Scyros3
362 1527 420 1579 in
457 1525 598 1579 hanc
636 1528 783 1580 totos
823 1526 1006 1579 emisit
1042 1544 1220 1594 puppe
1258 1526 1515 1579 rudentes

101 1597 230 1659 *Dux
265 1599 601 1669 Laertiades,
641 1599 906 1670 sociisque
946 1618 1216 1653 resumere
1256 1603 1483 1669 pontum

39 1687 87 1719 20
106 1671 348 1743 Imperat
385 1676 440 1726 et
475 1673 639 1727 remis
680 1673 959 1743 Zephyros
1001 1674 1252 1743 supplere
1292 1674 1556 1727 cadentes

107 1746 386 1800 Accedunt
421 1747 591 1812 iussa,
631 1751 686 1800 et
724 1748 901 1818 magis
940 1747 1248 1801 indubitata
1286 1748 1566 1818 magisque
1711 1761 1797 1801 695

111 1818 302 1888 Scyros
341 1822 459 1873 erat
494 1820 799 1890 placidique
839 1839 999 1891 super
1037 1821 1284 1875 Tritonia
1323 1825 1506 1875 custos

109 1891 328 1946 Litoris.
401 1893 625 1963 Egressi
661 1902 862 1948 numen
899 1899 1226 1948 venerantur
1265 1896 1471 1948 amicae

113 2226 214 2258 cum
235 2226 389 2258 versus
410 2216 509 2258 286
537 2214 646 2258 libri
668 2216 856 2259 secundi
877 2216 958 2272 qui
980 2217 1113 2272 vulyo
1137 2216 1310 2260 dicitur
1341 2217 1457 2260 libro
1475 2218 1628 2272 primo
1653 2218 1800 2261 admi-

113 2276 349 2317 merentwr.
377 2272 446 2327 Cf.
473 2273 640 2317 Philol.
663 2274 910 2318 XXXIV
921 2289 972 2331 p.
987 2278 1078 2319 475
1099 2288 1190 2331 sqq.
1212 2274 1227 2332 Η
1244 2279 1328 2319 675
1352 2275 1496 2320 flexus
1513 2279 1551 2318 A
1574 2276 1705 2321 Leid.
1725 2290 1799 2334 pr.

112 2343 170 2376 m.
196 2330 362 2375 fluctus
378 2335 424 2374 Π
445 2333 462 2389 ΙΙ
486 2337 571 2377 676
589 2331 811 2389 Cyclades
837 2347 971 2378 auras
994 2337 1078 2376 AM
1096 2333 1323 2391 Cycladas
1341 2348 1482 2378 aurae
1506 2335 1604 2379 edd.
1634 2336 1640 2390 Ι
1667 2334 1803 2379 innu-

113 2446 264 2479 meras
286 2435 535 2479 mutabant
558 2435 784 2492 Cycladas
816 2450 956 2481 aurae
989 2451 1103 2483 corr.
1135 2437 1404 2482 Koestlinus
1420 2439 1435 2496 Η
1451 2396 1802 2494 67701ἓῖἓῖέᾁιῖἒ

107 2534 184 2578 pr.
202 2536 259 2567 m.
283 2526 316 2566 P
338 2524 354 2580 ΙΙ
378 2527 462 2568 678
498 2523 745 2569 ‘canaxos·
778 2525 960 2570 bacchi'
995 2531 1028 2568 P
1051 2527 1067 2583 ΙΙ
1091 2531 1175 2571 680
1207 2526 1356 2584 puppi
1377 2531 1411 2569 P
1434 2528 1450 2583 ΙΙ
1474 2531 1557 2572 682
1583 2527 1802 2583 Arquite-

115 2593 228 2626 nens
250 2585 284 2624 P
319 2581 593 2627 Arcitenens
619 2585 753 2628 ceteri
773 2586 789 2640 ΙΙ
813 2589 899 2630 684
929 2585 1088 2642 pelagi
1120 2586 1178 2627 α’
1215 2586 1322 2630 Nic.
1349 2586 1574 2630 Heinsius
1605 2591 1647 2630 et
1674 2586 1803 2629 Bur-

114 2652 312 2685 mannus
337 2641 344 2696 Ι
369 2642 539 2699 pelago
569 2646 722 2685 Pron
756 2644 762 2699 Ι
801 2644 1007 2689 sonantis
1037 2649 1071 2687 P
1108 2646 1124 2701 ΙΙ
1164 2650 1249 2689 686
1282 2645 1431 2688 multa
1461 2644 1709 2689 timentem
1738 2644 1803 2702 Pu

117 2701 202 2744 891
229 2698 539 2745 Permittebat
560 2702 785 2746 Heinsius
811 2706 816 2757 Ι
845 2717 951 2747 cum
975 2717 1000 2748 e
1024 2708 1057 2745 P
1080 2706 1096 2760 [Ι
1120 2709 1205 2748 693
1239 2703 1470 2759 sociisque
1494 2708 1527 2745 P
1559 2704 1802 2758 sociosque

16 2785 39 2798 ι,
117 2758 249 2803 ceteri
274 2759 280 2815 Ι
305 2761 493 2816 portum
516 2764 550 2802 P
588 2762 775 2805 contum
809 2761 1146 2818 Wernsdorfius
1169 2765 1184 2819 ΙΙ
1209 2767 1293 2807 695
1318 2764 1448 2806 iuxta
1471 2767 1505 2804 P
1534 2762 1664 2806 iussa
1687 2775 1800 2808 corr.

16 2822 33 2857 ι’
111 2813 420 2863 ,ΒαεΜεηείαε
458 2818 595 2864 iussis
617 2824 676 2862 Pe
693 2819 750 2862 (3²
766 2820 897 2865 Leid.
916 2825 999 2864 Gn
1030 2821 1147 2866 iussi
1176 2837 1203 2876 p
1231 2824 1238 2878 Ι
1266 2823 1315 2866 et
1343 2822 1494 2879 magis
1525 2825 1558 2864 P
1592 2821 1680 2880 [et]
1707 2835 1803 2869 ma-

15 2874 24 3106 ι
118 2887 190 2932 gis
213 2879 304 2932 Pop
336 2879 384 2922 et
412 2877 508 2922 iam
530 2878 680 2936 magis
704 2878 761 2921 (32
793 2882 840 2924 et
871 2893 952 2925 om.
985 2885 1031 2923 H

24 2097 38 2270 π
113 2153 416 2199 Achilleidos:
447 2159 496 2199 at
509 2155 563 2199 in
578 2158 616 2197 A
631 2155 760 2200 Leid.
789 2156 944 2201 Paris.
961 2159 1116 2200 11324
1137 2157 1270 2201 nulla
1294 2158 1532 2201 adnotatio
1551 2159 1801 2211 invenitur,

26 2277 39 2427 ἒ

27 2434 41 2600 ἓ

28 2644 39 2677 ⁸„
