2020 3106
241 185 353 231 VllI
751 183 1035 231 EDITORIS
1066 181 1427 229 PRAEFATIO.

242 326 382 361 anno
415 305 812 360 MDCOOLXX
845 306 912 358 ab
947 305 1148 359 Ottone
1178 305 1464 374 Muellero,
1494 305 1610 359 viro
1642 305 1706 358 de
1740 305 1933 358 studiis

241 380 503 435 Statianis
551 379 908 450 provehendis
956 380 1092 433 bene
1139 380 1359 448 meritc,
1405 379 1462 432 in
1511 380 1686 433 lucem
1733 379 1931 448 prolati

241 455 351 509 sint
398 457 664 524 apparatu
712 454 900 507 critico
949 453 1202 507 instructi
1248 453 1535 507 uberrimo,
1605 452 1682 506 Ut
1727 454 1785 506 in
1827 454 1930 507 illis
2019 453 2020 459 ’

237 528 578 583 recensendis
635 532 688 581 et
744 528 1088 581 emendandis
1143 546 1265 581 mea
1319 527 1575 581 instituta
1634 530 1817 581 tenere
1878 531 1931 582 et
2003 585 2006 591 ,

238 620 465 672 pergere
504 602 610 654 iter
661 605 910 671 coeptum
958 601 1162 670 studui,
1211 601 1288 655 sic
1325 602 1383 653 in
1423 601 1509 654 his
1558 600 1774 655 edendis
1825 620 1931 655 non
1992 594 2013 643 T?

237 676 596 730 dubitandum
653 694 769 728 esse
823 677 1031 744 putavi,
1084 678 1297 746 partem
1349 676 1583 745 aliquam
1641 679 1930 745 apparatus
1999 707 2004 709 ·

239 751 415 804 critici
453 752 510 803 in
549 768 726 803 meam
774 750 1066 803 editionem
1112 753 1472 819 transumere,
1518 750 1596 802 ita
1641 754 1822 804 tamen
1870 755 1932 804 ut

238 829 449 895 semper
505 842 591 877 me
647 824 753 876 mei
800 823 986 877 iudicii
1031 823 1199 877 fuisse
1248 841 1474 893 sperem.
1548 823 1613 876 In
1661 844 1724 878 ea
1761 826 1928 894 potis-

235 900 433 952 simum
471 916 529 950 re
569 916 689 950 cum
737 897 999 951 Muellero
1044 898 1206 966 plane
1253 898 1558 967 consentiO,
1610 899 1752 967 quod
1799 899 1931 951 item

236 972 300 1025 de
318 971 618 1027 Achilleide
644 972 1042 1024 demonstrasse
1066 971 1200 1024 mihi
1224 971 1422 1041 videon
1450 975 1718 1041 quotquot
1758 973 1931 1028 adhuc

236 1046 572 1100 innotuerint
614 1045 823 1099 codices
865 1045 1196 1114 Thebaidos,
1244 1064 1429 1098 omnes
1475 1045 1693 1099 fluxisse
1737 1065 1800 1099 ex
1840 1048 1931 1101 du-

236 1121 368 1189 plici
400 1120 622 1190 origine.
679 1119 831 1182 Quod
862 1119 970 1172 iam
1006 1123 1130 1172 ante
1155 1119 1480 1172 Muellerum
1511 1119 1773 1190 videram3
1804 1140 1931 1175 nam

236 1194 462 1248 Parisiis
502 1196 746 1246 moratus
789 1197 842 1245 et
880 1193 1213 1246 Puteaneum
1245 1191 1355 1263 (P),
1393 1194 1695 1264 principem
1735 1197 1930 1264 optimi

235 1269 450 1339 generis
491 1267 750 1336 codicem,
800 1267 1005 1320 contuli
1053 1270 1107 1320 et
1154 1268 1287 1321 duos
1331 1267 1539 1321 codices
1584 1268 1808 1322 alterius
1848 1288 1929 1323 re-

238 1342 504 1396 censionis
554 1341 799 1410 exempla
845 1341 1052 1409 optima
1098 1341 1420 1411 praebentes
1475 1342 1679 1412 inveni,
1735 1344 1928 1412 quibus

232 1434 393 1470 nemo
439 1433 696 1485 umquam
743 1414 808 1467 ad
848 1415 903 1467 id
942 1419 1156 1484 tempus
1196 1433 1324 1469 usus
1363 1419 1495 1470 erat.
1573 1415 1813 1478 Quorum
1853 1418 1929 1470 al·

233 1493 433 1559 terum,
479 1489 787 1542 Parisinum
838 1489 1016 1542 10317
1066 1487 1201 1560 (P0),
1252 1508 1356 1559 quo
1410 1490 1694 1544 certiorem
1741 1491 1929 1544 ducem

237 1563 305 1616 ad
350 1563 655 1616 Achilleida
700 1563 1082 1616 recensendam
1131 1564 1385 1634 cognoui,
1432 1581 1494 1617 eo
1542 1565 1717 1634 magis
1774 1565 1927 1619 doleo

235 1640 450 1706 tempus
500 1636 634 1688 mihi
680 1655 790 1690 non
836 1637 1136 1706 suffecisse,
1183 1641 1244 1690 ut
1290 1637 1358 1690 ad
1398 1636 1675 1690 Thebaida
1715 1656 1928 1709 quoque

234 1711 548 1777 conferrem,
587 1710 694 1763 nisi
735 1710 874 1780 quod
915 1711 1197 1779 permultis
1229 1710 1361 1764 locis
1394 1711 1660 1780 inspicere
1699 1714 1868 1781 potui.
1883 1712 1924 1783 ¹)

231 1784 390 1838 Alter
436 1784 601 1837 codex
649 1787 732 1836 est
779 1783 945 1837 Paris.
991 1785 1191 1854 13046,
1240 1804 1271 1837 a
1317 1801 1402 1837 me
1449 1786 1633 1838 littera
1681 1794 1718 1838 S
1764 1787 1928 1857 insig-
1991 1791 1999 1856 ζ

232 1859 397 1926 nitus,
437 1858 500 1911 de
541 1875 645 1926 quo
686 1857 829 1910 infra
867 1857 1148 1911 dicendum
1189 1860 1305 1912 erit.
1994 1857 2005 1877 ²

380 1933 529 1985 Duas
568 1931 876 1985 Thebaidos
917 1933 1257 1986 recensiones
1295 1933 1404 1986 iam
1445 1935 1569 1986 ante
1603 1933 1923 1988 scholiastae

233 2009 482 2076 tempora
529 2005 773 2058 extitisse
821 2008 1055 2059 constat:
1114 2025 1177 2059 ex
1220 2007 1353 2075 ipsis
1402 2006 1623 2060 scholiis
1665 2009 1923 2061 sescentis

231 2080 366 2133 locis
408 2083 649 2149 apparet.
726 2079 969 2132 Alterius
1012 2080 1231 2150 eiusque
1279 2081 1517 2150 'optimae
1565 2081 1799 2152 effigiem
1838 2100 1926 2134 ex-

231 2172 477 2223 pressam
509 2154 732 2223 praebet
763 2153 930 2206 codex
966 2153 1329 2207 Puteaneus
1364 2152 1454 2225 (P)
1489 2154 1731 2208 omnium
1772 2158 1923 2224 quot-

231 2231 363 2297 quot
391 2227 563 2281 adhuc
590 2228 798 2280 excussi
831 2230 956 2281 sunt
988 2228 1491 2298 excellentissimus3
1525 2229 1667 2296 quod
1697 2230 1756 2281 in
1789 2229 1924 2282 The-

232 2302 391 2354 baide
442 2301 616 2371 magis
670 2302 832 2353 etiam
880 2302 1025 2354 cerni
1074 2305 1257 2370 potest
1304 2318 1464 2371 quam
1511 2302 1570 2354 in
1607 2301 1924 2356 Achilleide.

230 2374 373 2428 Nam
423 2375 562 2427 sicut
610 2375 667 2427 in
713 2375 809 2427 illa
855 2373 928 2426 ΘΞ
975 2379 1029 2427 et
1073 2381 1140 2428 Ρο
1188 2378 1303 2428 arte
1350 2394 1470 2429 cum
1515 2382 1559 2428 Ρ
1608 2377 1922 2430 coniunctos

233 2449 438 2517 optimo
479 2449 663 2518 generi
703 2448 946 2501 codicum
980 2448 1352 2502 attribuendos
1393 2466 1510 2503 esse
1543 2450 1922 2519 demonstravi,
2019 2457 2020 2468 ¹

231 2523 311 2574 ita
357 2522 414 2574 in
460 2522 562 2574 hac
608 2522 788 2575 nullus
836 2525 918 2574 est
963 2522 1130 2575 codex
1177 2523 1270 2593 qui
1314 2522 1578 2577 Puteanei
1625 2524 1920 2577 consimilis

353 2669 394 2723 1)
433 2667 579 2711 Recte
618 2681 692 2711 me
732 2667 855 2711 hunc
895 2667 1104 2711 codicem
1143 2669 1326 2713 saeculo
1365 2669 1430 2712 X⁰
1461 2667 1731 2712 attribuisse
1763 2668 1920 2713 certis-

235 2725 379 2769 simus
427 2726 590 2770 auctor
643 2726 760 2770 mihi
799 2725 954 2771 extitit
993 2725 1256 2783 Leopoldus
1296 2727 1494 2782 Delisle,
1534 2728 1615 2783 qui
1651 2727 1701 2771 id
1738 2740 1921 2784 quoque

234 2784 559 2829 liberalissime
598 2799 682 2842 per
718 2785 902 2830 litteras
941 2799 1124 2830 mecum
1164 2785 1544 2841 communicavit,
1584 2800 1632 2831 se
1672 2785 1723 2830 in
1752 2787 1923 2831 collec-

237 2842 363 2888 tione
388 2843 472 2887 illa
495 2844 627 2887 Libri
650 2843 891 2888 Londiniis
915 2844 1165 2888 adservata
1189 2844 1396 2890 codicem
1412 2843 1674 2890 Thebaidos
1690 2843 1921 2890 invenisse

229 2902 406 2946 saeculi
434 2900 492 2945 Xi
521 2900 602 2946 vel
633 2901 713 2946 ΧΙ1
742 2904 949 2948 nondum
981 2917 1234 2950 excussum.
