2020 3106
218 130 286 181 10
786 129 837 172 P.
870 128 1101 173 PAPINII
1133 128 1336 174 STATII

212 248 311 302 Vis
350 249 553 302 festina
591 250 750 317 parat
787 250 1111 317 tenerosque
1151 249 1461 318 supervenit
1499 267 1683 302 annos.

216 322 361 377 Olim
401 326 455 375 et
492 322 632 374 ferre
673 322 847 374 minas
891 322 1152 392 avideque
1192 323 1374 376 audire
1406 323 1629 377 ‘solebat

210 397 448 465 Imperia
484 400 538 448 et
569 396 772 448 nostris
806 397 994 464 procul
1025 396 1158 449 haut
1189 396 1459 450 discedere
1492 397 1558 449 ab
1585 397 1780 450 antris:
1824 410 1908 451 150

216 471 377 525 Nunc
416 470 573 522 illum
612 488 724 522 non
764 468 902 522 Ossa
941 470 1102 539 capit,
1140 488 1252 522 non
1288 470 1477 523 Pelion
1515 471 1706 539 ingens

211 544 529 597 Pharsalive
568 543 734 596 nives,
797 543 909 612 Ipsi
951 543 1086 596 mihi
1126 562 1285 612 saepe
1327 547 1627 613 queruntur

215 617 472 672 Centauri
511 619 804 686 raptasque
846 617 1034 679 domos
1075 618 1458 687 abstractaque
1497 636 1680 671 coram

210 692 474 745 Armenta
513 694 566 743 et
606 693 776 743 semet
813 691 1019 760 campis
1058 691 1344 760 fluviisque
1383 691 1589 761 fugari:

215 766 556 834 Insidiasque
597 768 652 817 et
689 765 835 817 bella
873 769 1069 833 parant
1107 765 1417 835 tumideque
1457 765 1747 818 minantur.
1827 778 1910 819 155

211 839 357 892 Olim
397 838 644 908 equidem
684 837 900 906 Argoos
940 839 1099 907 pinus
1141 857 1263 891 cum
1302 839 1565 892 Thessala
1602 856 1757 909 reges

210 913 331 965 Hac
370 912 614 981 veheret,
653 913 901 964 iuvenem
940 912 1172 965 Alciden
1212 915 1266 965 et
1305 912 1516 966 Thesea
1554 912 1665 965 vidi
1706 943 1775 950 —

212 985 315 1039 Sed
354 985 542 1038 tace0.'
620 985 663 1038 F
666 986 768 1055 igit
807 986 1012 1055 gelidus
1052 985 1290 1039 Nereida
1326 986 1516 1054 pallor.

283 1059 383 1112 Ille
423 1059 613 1112 aderat
651 1059 824 1112 multo
866 1059 1058 1112 sudore
1098 1062 1152 1112 et
1190 1061 1410 1128 pulvere
1449 1060 1636 1129 maior,

207 1134 282 1187 Et
321 1136 504 1186 tamen
543 1151 694 1185 arma
732 1133 874 1185 inter
909 1133 1302 1202 festinatosque
1339 1134 1556 1187 labores
1818 1147 1900 1187 160

208 1207 397 1260 Dulcis
440 1206 615 1259 adhuc
654 1206 795 1259 visu:
836 1207 994 1259 niveo
1035 1210 1193 1260 natat
1231 1207 1376 1277 ignis
1416 1207 1472 1260 in
1513 1225 1603 1260 ore

211 1281 521 1350 Purpureus
561 1280 819 1350 fulvoque
858 1281 1000 1332 nitet
1039 1299 1194 1334 coma
1233 1281 1440 1350 gratior
1480 1299 1628 1334 auro,

208 1354 455 1407 Necdum
495 1354 673 1422 prima
711 1371 854 1407 nova
892 1354 1150 1423 lanugine
1190 1355 1420 1408 vertitur
1460 1357 1625 1423 aetaS,

210 1428 668 1498 Tranquillaeque
708 1427 852 1480 faces
894 1428 1066 1481 oculis
1108 1431 1163 1480 et
1200 1428 1437 1497 plurima
1475 1429 1631 1481 vultu
2011 1466 2020 1488 ‚2

210 1501 388 1554 Mater
426 1502 594 1553 inest:
636 1501 812 1570 qualis
851 1500 1020 1570 Lycia
1058 1505 1287 1555 venator
1325 1501 1526 1570 Apollo
1821 1514 1904 1555 165
2003 1494 2011 1549 f

210 1573 350 1628 Oum
388 1574 530 1626 redit
569 1577 624 1627 et
665 1575 840 1627 saevis
879 1577 1155 1642 permutat
1191 1576 1398 1644 plectra
1437 1574 1724 1644 pharetris.

210 1648 372 1701 Forte
413 1651 466 1699 et
503 1648 680 1700 laetus
721 1648 875 1700 adest
920 1648 975 1716 (o
1016 1651 1278 1717 quantum
1318 1649 1516 1719 gaudia
1554 1647 1761 1700 formae

211 1721 472 1774 Adiciunt
487 1719 548 1790 !):
588 1721 757 1773 fetam
795 1720 1028 1773 Pholoes
1072 1722 1171 1774 sub
1210 1740 1343 1790 rupe
1381 1723 1626 1775 leaenam

214 1795 468 1848 Perculer
502 1797 526 1847 t
563 1795 705 1847 ferro
746 1795 1036 1863 vacuisque
1075 1796 1370 1864 reliquerat
1409 1795 1579 1848 antris

210 1869 415 1938 Ipsam,
589 1869 795 1920 catulos
836 1871 1093 1938 apportat
1132 1872 1186 1921 et
1222 1869 1419 1922 incitat
1460 1886 1684 1938 ungues.
1823 1882 1908 1922 170

217 1941 363 2004 Quos
403 1944 604 2011 tamen,
642 1945 704 1994 ut
741 1942 846 1995 fido
888 1942 1137 2011 genetrix
1175 1943 1234 1995 in
1273 1943 1462 1996 limine
1501 1943 1620 1995 visa
1659 1945 1755 2011 est,

332 2091 415 2131 148
453 2089 708 2143 tenuesque
742 2090 862 2140 ApG
900 2088 1159 2143 tenuosque
1190 2093 1231 2141 ¹²3
1279 2087 1356 2131 sed
1387 2087 1444 2142 cf.
1477 2087 1610 2141 infra
1649 2100 1689 2131 v.
1715 2090 1808 2132 478
1840 2087 1912 2131 II

209 2149 272 2190 96
293 2146 443 2201 (382).
504 2146 676 2189 ‘tenues
719 2146 852 2189 anni’
899 2147 1075 2189 senium
1126 2146 1398 2202 significant
1451 2145 1587 2190 Theb.
1644 2145 1732 2189 IV
1778 2146 1907 2204 5121!

213 2209 296 2248 149
316 2204 440 2248 Olim
456 2205 504 2248 et
526 2204 647 2248 ferre
665 2204 762 2246 (3212
781 2204 904 2249 Olim
921 2204 1059 2249 effere
1076 2209 1109 2246 P
1143 2204 1269 2255 Olim
1285 2203 1404 2249 ferre
1421 2209 1467 2247 Π
1482 2203 1487 2263 Ι
1500 2204 1729 2260 avideque
1747 2204 1908 2249 audire

209 2269 243 2306 P
267 2265 317 2307 et
340 2262 468 2307 obire
499 2262 662 2307 audita
693 2264 826 2308 ceteri
847 2265 863 2320 ΙΙ
890 2268 973 2308 150
1006 2264 1228 2308 decedere
1253 2263 1564 2308 Baehrensius
1597 2265 1614 2321 fl
1649 2268 1731 2307 152
1764 2263 1909 2308 Phar-

212 2321 417 2366 saliaeve
449 2326 482 2363 P
523 2321 854 2366 Thessaliaeve
906 2323 1039 2367 ceteri
1078 2323 1436 2367 Thessalicaeve
1476 2323 1574 2367 edd.
1613 2326 1715 2366 vett.
1762 2322 1908 2366 Phar-

212 2380 358 2425 salive
389 2393 503 2425 corr.
536 2381 848 2425 Baehrensius
870 2382 886 2438 ΙΙ
912 2385 997 2425 154
1037 2383 1183 2426 semet
1216 2381 1393 2438 campis
1426 2385 1517 2425 Au
1549 2381 1727 2437 campis
1758 2381 1908 2425 semet

211 2439 309 2484 edd.
341 2440 358 2495 ΙΙ
391 2443 474 2482 155
513 2438 802 2495 Insidiasque
834 2443 872 2481 A
903 2439 1099 2484 Insidias
1130 2445 1176 2483 Π
1214 2441 1220 2496 Ι
1262 2439 1533 2496 tumideque
1564 2444 1597 2482 P
1641 2439 1906 2496 tumidique

211 2500 346 2542 ceteri
391 2498 637 2553 timidique
687 2498 856 2544 Venett.
891 2498 1087 2542 Gronov.
1111 2500 1128 2556 ΙΙ
1154 2503 1238 2544 156
1270 2513 1435 2556 argeos
1466 2505 1488 2542 t
1518 2498 1762 2556 Argolicos
1795 2498 1904 2542 Nic.

211 2556 438 2601 Heinsius
468 2557 670 2614 Argivos
701 2557 1015 2602 Baehrensius
1037 2558 1053 2614 ΙΙ
1085 2562 1168 2601 157
1201 2571 1357 2602 versus
1387 2559 1441 2602 in
1471 2562 1504 2600 P
1536 2561 1749 2602 contextu
1773 2558 1906 2602 omis-

211 2629 304 2670 sus,
335 2617 413 2660 sed
443 2616 595 2660 eadem
625 2630 770 2660 manu
799 2617 894 2660 ima
913 2617 1092 2672 paqina
1117 2618 1305 2661 additus
1326 2616 1332 2676 Ι
1351 2617 1542 2662 iuvenes
1573 2621 1594 2658 t
1609 2621 1645 2658 1)
1668 2617 1685 2672 ΙΙ
1717 2620 1800 2660 158
1825 2630 1906 2673 ge·

210 2674 334 2718 lidus
372 2675 478 2731 figit
507 2675 782 2731 praecordia
812 2675 965 2732 pallor
997 2680 1017 2717 t
1043 2676 1059 2731 ΙΙ
1086 2680 1169 2719 160
1202 2675 1262 2718 Et
1292 2678 1450 2720 tamen
1481 2679 1572 2718 Au
1601 2674 1825 2719 Attamen
1858 2674 1898 2790 tt

216 2738 298 2778 161
343 2735 482 2778 vacat
519 2749 562 2776 m
607 2735 622 2790 ΙΙ
671 2739 754 2778 162
797 2734 1058 2790 Pol-pureus
1102 2738 1135 2776 P
1181 2736 1196 2790 Η
1245 2739 1329 2779 166
1373 2734 1496 2778 Dum
1534 2739 1570 2776 1>
1608 2735 1616 2789 Ι
1657 2734 1814 2790 plecta
1844 2737 1878 2775 P

217 2797 301 2836 168
350 2793 534 2837 leonem
566 2798 587 2835 t
623 2793 639 2850 ΙΙ
676 2798 758 2838 169
790 2792 1045 2848 reliquerat
1074 2792 1228 2849 ipsam
1261 2797 1295 2835 G
1333 2795 1350 2849 ΙΙ
1389 2798 1473 2837 170
1505 2791 1688 2850 Anti-is,
1721 2792 1800 2837 sed
1834 2796 1869 2834 G
1896 2791 1903 2849 Ι

214 2852 426 2907 asportat
456 2852 554 2895 edd.
580 2856 682 2896 vett.
723 2852 922 2911 assoptat
953 2851 1011 2893 G²
