<?xml version="1.0" encoding="UTF-8"?>
<!DOCTYPE html PUBLIC "-//W3C//DTD XHTML 1.0 Transitional//EN"
    "http://www.w3.org/TR/xhtml1/DTD/xhtml1-transitional.dtd">
<html xmlns="http://www.w3.org/1999/xhtml" xml:lang="en" lang="en">
 <head>
  <title>
</title>
<meta http-equiv="Content-Type" content="text/html;charset=utf-8" />
  <meta name='ocr-system' content='tesseract 3.04.00' />
  <meta name='ocr-capabilities' content='ocr_page ocr_carea ocr_par ocr_line ocrx_word'/>
</head>
<body>
  <div class='ocr_page' id='page_1' title='image "./operapapinius12statuoft_0301.png"; bbox 0 0 2020 3106; ppageno 0'>
   <div class='ocr_carea' id='block_1_1' title="bbox 641 159 1778 213">
    <p class='ocr_par' dir='ltr' id='par_1_1' title="bbox 641 159 1778 213">
     <span class='ocr_line' id='line_1_1' title="bbox 641 159 1778 213; baseline -0.002 -5"><span class='ocrx_word' id='word_1_1' title='bbox 641 160 984 208; x_wconf 82' lang='lat' dir='ltr'><strong>THEBAIDOS</strong></span> <span class='ocrx_word' id='word_1_2' title='bbox 1015 160 1127 207; x_wconf 89' lang='lat' dir='ltr'><strong>LIB.</strong></span> <span class='ocrx_word' id='word_1_3' title='bbox 1157 160 1215 207; x_wconf 89' lang='grc' dir='ltr'><strong>ΙΙ.</strong></span> <span class='ocrx_word' id='word_1_4' title='bbox 1708 159 1778 213; x_wconf 85' lang='grc'><strong>31</strong></span> 
     </span>
    </p>
   </div>
   <div class='ocr_carea' id='block_1_2' title="bbox 19 279 1782 2058">
    <p class='ocr_par' dir='ltr' id='par_1_2' title="bbox 19 279 1782 1320">
     <span class='ocr_line' id='line_1_2' title="bbox 19 279 1435 353; baseline -0.004 -12"><span class='ocrx_word' id='word_1_5' title='bbox 19 279 20 282; x_wconf 34' lang='grc'><strong>“</strong></span> <span class='ocrx_word' id='word_1_6' title='bbox 90 285 360 341; x_wconf 71' lang='lat' dir='ltr'><strong>Insultare</strong></span> <span class='ocrx_word' id='word_1_7' title='bbox 398 284 558 340; x_wconf 89' lang='lat' dir='ltr'><strong>malis</strong></span> <span class='ocrx_word' id='word_1_8' title='bbox 597 284 866 353; x_wconf 83' lang='lat' dir='ltr'><strong>rebusque</strong></span> <span class='ocrx_word' id='word_1_9' title='bbox 906 299 1217 353; x_wconf 84' lang='lat' dir='ltr'><strong>aegrescere</strong></span> <span class='ocrx_word' id='word_1_10' title='bbox 1255 281 1435 347; x_wconf 87' lang='lat' dir='ltr'><strong>laetsi‚</strong></span> 
     </span>
     <span class='ocr_line' id='line_1_3' title="bbox 93 356 1652 430; baseline -0.004 -14"><span class='ocrx_word' id='word_1_11' title='bbox 93 358 282 416; x_wconf 78' lang='lat' dir='ltr'><strong>‘Vade&#39;</strong></span> <span class='ocrx_word' id='word_1_12' title='bbox 322 359 422 430; x_wconf 91' lang='lat' dir='ltr'><strong>ait,</strong></span> <span class='ocrx_word' id='word_1_13' title='bbox 463 358 514 413; x_wconf 79' lang='lat' dir='ltr'><strong>‘o</strong></span> <span class='ocrx_word' id='word_1_14' title='bbox 553 357 707 428; x_wconf 87' lang='lat' dir='ltr'><strong>felix,</strong></span> <span class='ocrx_word' id='word_1_15' title='bbox 748 375 1114 427; x_wconf 86' lang='lat' dir='ltr'><strong>quoscumque</strong></span> <span class='ocrx_word' id='word_1_16' title='bbox 1153 356 1363 410; x_wconf 87' lang='lat' dir='ltr'><strong>vocaris</strong></span> <span class='ocrx_word' id='word_1_17' title='bbox 1403 357 1460 409; x_wconf 90' lang='lat' dir='ltr'><strong>in</strong></span> <span class='ocrx_word' id='word_1_18' title='bbox 1500 374 1652 425; x_wconf 89' lang='lat' dir='ltr'><strong>usus,</strong></span> 
     </span>
     <span class='ocr_line' id='line_1_4' title="bbox 93 430 1782 504; baseline -0.004 -14"><span class='ocrx_word' id='word_1_19' title='bbox 93 434 198 490; x_wconf 81' lang='lat' dir='ltr'><strong>Seu</strong></span> <span class='ocrx_word' id='word_1_20' title='bbox 235 433 380 489; x_wconf 87' lang='lat' dir='ltr'><strong>Iovis</strong></span> <span class='ocrx_word' id='word_1_21' title='bbox 421 433 671 504; x_wconf 90' lang='lat' dir='ltr'><strong>imperi0,</strong></span> <span class='ocrx_word' id='word_1_22' title='bbox 712 450 805 485; x_wconf 90' lang='lat' dir='ltr'><strong>seu</strong></span> <span class='ocrx_word' id='word_1_23' title='bbox 846 431 1018 485; x_wconf 89' lang='lat' dir='ltr'><strong>maior</strong></span> <span class='ocrx_word' id='word_1_24' title='bbox 1057 431 1241 500; x_wconf 89' lang='lat' dir='ltr'><strong>adegit</strong></span> <span class='ocrx_word' id='word_1_25' title='bbox 1279 430 1480 501; x_wconf 85' lang='lat' dir='ltr'><strong>Erinys</strong></span> <span class='ocrx_word' id='word_1_26' title='bbox 1723 443 1782 483; x_wconf 78' lang='lat'><strong>20</strong></span> 
     </span>
     <span class='ocr_line' id='line_1_5' title="bbox 87 505 1363 577; baseline -0.004 -14"><span class='ocrx_word' id='word_1_27' title='bbox 87 507 174 563; x_wconf 90' lang='lat' dir='ltr'><strong>Ire</strong></span> <span class='ocrx_word' id='word_1_28' title='bbox 213 508 356 563; x_wconf 90' lang='lat' dir='ltr'><strong>diem</strong></span> <span class='ocrx_word' id='word_1_29' title='bbox 396 511 606 577; x_wconf 89' lang='lat' dir='ltr'><strong>contra,</strong></span> <span class='ocrx_word' id='word_1_30' title='bbox 647 525 741 560; x_wconf 87' lang='lat' dir='ltr'><strong>seu</strong></span> <span class='ocrx_word' id='word_1_31' title='bbox 780 510 834 559; x_wconf 90' lang='lat' dir='ltr'><strong>te</strong></span> <span class='ocrx_word' id='word_1_32' title='bbox 873 505 1075 559; x_wconf 89' lang='lat' dir='ltr'><strong>furiata</strong></span> <span class='ocrx_word' id='word_1_33' title='bbox 1115 505 1363 559; x_wconf 87' lang='lat' dir='ltr'><strong>sacerdos</strong></span> 
     </span>
     <span class='ocr_line' id='line_1_6' title="bbox 89 579 1415 649; baseline -0.003 -13"><span class='ocrx_word' id='word_1_34' title='bbox 89 581 369 638; x_wconf 87' lang='lat' dir='ltr'><strong>Thessalis</strong></span> <span class='ocrx_word' id='word_1_35' title='bbox 410 599 605 636; x_wconf 88' lang='lat' dir='ltr'><strong>arcano</strong></span> <span class='ocrx_word' id='word_1_36' title='bbox 646 581 797 634; x_wconf 89' lang='lat' dir='ltr'><strong>iubet</strong></span> <span class='ocrx_word' id='word_1_37' title='bbox 836 580 1103 649; x_wconf 84' lang='lat' dir='ltr'><strong>emigrare</strong></span> <span class='ocrx_word' id='word_1_38' title='bbox 1145 579 1415 649; x_wconf 82' lang='lat' dir='ltr'><strong>sepulcre,</strong></span> 
     </span>
     <span class='ocr_line' id='line_1_7' title="bbox 86 654 1450 724; baseline -0.004 -13"><span class='ocrx_word' id='word_1_39' title='bbox 86 655 205 711; x_wconf 89' lang='lat' dir='ltr'><strong>Heu</strong></span> <span class='ocrx_word' id='word_1_40' title='bbox 246 657 429 711; x_wconf 81' lang='lat' dir='ltr'><strong>dulces</strong></span> <span class='ocrx_word' id='word_1_41' title='bbox 468 656 647 710; x_wconf 82' lang='lat' dir='ltr'><strong>visure</strong></span> <span class='ocrx_word' id='word_1_42' title='bbox 687 655 846 724; x_wconf 91' lang='lat' dir='ltr'><strong>polos</strong></span> <span class='ocrx_word' id='word_1_43' title='bbox 887 655 1162 723; x_wconf 89' lang='lat' dir='ltr'><strong>solemque</strong></span> <span class='ocrx_word' id='word_1_44' title='bbox 1202 654 1450 707; x_wconf 89' lang='lat' dir='ltr'><strong>relictum</strong></span> 
     </span>
     <span class='ocr_line' id='line_1_8' title="bbox 88 728 1444 799; baseline -0.004 -13"><span class='ocrx_word' id='word_1_45' title='bbox 88 729 163 786; x_wconf 82' lang='lat' dir='ltr'><strong>Et</strong></span> <span class='ocrx_word' id='word_1_46' title='bbox 199 730 398 785; x_wconf 85' lang='lat' dir='ltr'><strong>virides</strong></span> <span class='ocrx_word' id='word_1_47' title='bbox 437 732 613 784; x_wconf 87' lang='lat' dir='ltr'><strong>terras</strong></span> <span class='ocrx_word' id='word_1_48' title='bbox 654 733 708 782; x_wconf 89' lang='lat' dir='ltr'><strong>et</strong></span> <span class='ocrx_word' id='word_1_49' title='bbox 746 747 910 799; x_wconf 90' lang='lat' dir='ltr'><strong>puros</strong></span> <span class='ocrx_word' id='word_1_50' title='bbox 950 728 1194 781; x_wconf 88' lang='lat' dir='ltr'><strong>fontibus</strong></span> <span class='ocrx_word' id='word_1_51' title='bbox 1235 746 1444 797; x_wconf 75' lang='lat' dir='ltr'><strong>amneS,</strong></span> 
     </span>
     <span class='ocr_line' id='line_1_9' title="bbox 93 800 1780 859; baseline -0.004 0"><span class='ocrx_word' id='word_1_52' title='bbox 93 804 328 859; x_wconf 73' lang='lat' dir='ltr'><strong>Tristior</strong></span> <span class='ocrx_word' id='word_1_53' title='bbox 365 804 466 858; x_wconf 88' lang='lat' dir='ltr'><strong>has</strong></span> <span class='ocrx_word' id='word_1_54' title='bbox 506 804 704 858; x_wconf 90' lang='lat' dir='ltr'><strong>iterum</strong></span> <span class='ocrx_word' id='word_1_55' title='bbox 742 808 926 856; x_wconf 88' lang='lat' dir='ltr'><strong>tamen</strong></span> <span class='ocrx_word' id='word_1_56' title='bbox 966 803 1231 856; x_wconf 75' lang='lat' dir='ltr'><strong>intrature</strong></span> <span class='ocrx_word' id='word_1_57' title='bbox 1268 800 1556 855; x_wconf 64' lang='lat' dir='ltr'><strong>tenebras?</strong></span> <span class='ocrx_word' id='word_1_58' title='bbox 1723 814 1780 854; x_wconf 74' lang='lat'><strong>‘25</strong></span> 
     </span>
     <span class='ocr_line' id='line_1_10' title="bbox 84 876 1353 934; baseline -0.005 0"><span class='ocrx_word' id='word_1_59' title='bbox 84 878 218 934; x_wconf 88' lang='lat' dir='ltr'><strong>Illos</strong></span> <span class='ocrx_word' id='word_1_60' title='bbox 257 882 319 933; x_wconf 90' lang='lat' dir='ltr'><strong>ut</strong></span> <span class='ocrx_word' id='word_1_61' title='bbox 356 896 514 933; x_wconf 90' lang='lat' dir='ltr'><strong>caeco</strong></span> <span class='ocrx_word' id='word_1_62' title='bbox 553 878 817 931; x_wconf 83' lang='lat' dir='ltr'><strong>recubans</strong></span> <span class='ocrx_word' id='word_1_63' title='bbox 859 877 915 930; x_wconf 92' lang='lat' dir='ltr'><strong>in</strong></span> <span class='ocrx_word' id='word_1_64' title='bbox 955 876 1142 929; x_wconf 87' lang='lat' dir='ltr'><strong>limine</strong></span> <span class='ocrx_word' id='word_1_65' title='bbox 1183 877 1353 930; x_wconf 89' lang='lat' dir='ltr'><strong>sensit</strong></span> 
     </span>
     <span class='ocr_line' id='line_1_11' title="bbox 79 949 1617 1023; baseline -0.005 -15"><span class='ocrx_word' id='word_1_66' title='bbox 79 951 378 1023; x_wconf 76' lang='lat' dir='ltr'><strong>Cerberus,</strong></span> <span class='ocrx_word' id='word_1_67' title='bbox 417 969 586 1022; x_wconf 87' lang='lat' dir='ltr'><strong>aeque</strong></span> <span class='ocrx_word' id='word_1_68' title='bbox 628 969 814 1005; x_wconf 90' lang='lat' dir='ltr'><strong>omnes</strong></span> <span class='ocrx_word' id='word_1_69' title='bbox 854 950 1090 1020; x_wconf 87' lang='lat' dir='ltr'><strong>capitum</strong></span> <span class='ocrx_word' id='word_1_70' title='bbox 1132 951 1374 1004; x_wconf 88' lang='lat' dir='ltr'><strong>subrexit</strong></span> <span class='ocrx_word' id='word_1_71' title='bbox 1412 949 1617 1019; x_wconf 81' lang='lat' dir='ltr'><strong>hiatus,</strong></span> 
     </span>
     <span class='ocr_line' id='line_1_12' title="bbox 51 1024 1551 1095; baseline -0.004 -13"><span class='ocrx_word' id='word_1_72' title='bbox 51 1059 55 1063; x_wconf 86' lang='lat'><strong>·</strong></span> <span class='ocrx_word' id='word_1_73' title='bbox 91 1025 293 1082; x_wconf 84' lang='lat' dir='ltr'><strong>Saevus</strong></span> <span class='ocrx_word' id='word_1_74' title='bbox 333 1030 389 1081; x_wconf 88' lang='lat' dir='ltr'><strong>et</strong></span> <span class='ocrx_word' id='word_1_75' title='bbox 427 1026 655 1080; x_wconf 75' lang='lat' dir='ltr'><strong>intranti</strong></span> <span class='ocrx_word' id='word_1_76' title='bbox 694 1026 918 1095; x_wconf 84' lang='lat' dir='ltr'><strong>populo:</strong></span> <span class='ocrx_word' id='word_1_77' title='bbox 958 1025 1066 1078; x_wconf 90' lang='lat' dir='ltr'><strong>iam</strong></span> <span class='ocrx_word' id='word_1_78' title='bbox 1106 1025 1264 1094; x_wconf 90' lang='lat' dir='ltr'><strong>nigra</strong></span> <span class='ocrx_word' id='word_1_79' title='bbox 1302 1024 1551 1076; x_wconf 86' lang='lat' dir='ltr'><strong>tumebat</strong></span> 
     </span>
     <span class='ocr_line' id='line_1_13' title="bbox 87 1099 1567 1171; baseline -0.003 -16"><span class='ocrx_word' id='word_1_80' title='bbox 87 1099 242 1156; x_wconf 80' lang='lat' dir='ltr'><strong>Colla</strong></span> <span class='ocrx_word' id='word_1_81' title='bbox 279 1102 487 1170; x_wconf 87' lang='lat' dir='ltr'><strong>minax,</strong></span> <span class='ocrx_word' id='word_1_82' title='bbox 525 1100 635 1153; x_wconf 91' lang='lat' dir='ltr'><strong>iam</strong></span> <span class='ocrx_word' id='word_1_83' title='bbox 676 1118 865 1171; x_wconf 89' lang='lat' dir='ltr'><strong>sparsa</strong></span> <span class='ocrx_word' id='word_1_84' title='bbox 905 1100 1021 1152; x_wconf 88' lang='lat' dir='ltr'><strong>solo</strong></span> <span class='ocrx_word' id='word_1_85' title='bbox 1064 1099 1381 1152; x_wconf 83' lang='lat' dir='ltr'><strong>turbaverat</strong></span> <span class='ocrx_word' id='word_1_86' title='bbox 1420 1116 1567 1164; x_wconf 87' lang='lat' dir='ltr'><strong>ossa,</strong></span> 
     </span>
     <span class='ocr_line' id='line_1_14' title="bbox 86 1173 1782 1230; baseline -0.002 0"><span class='ocrx_word' id='word_1_87' title='bbox 86 1174 159 1230; x_wconf 86' lang='lat' dir='ltr'><strong>Ni</strong></span> <span class='ocrx_word' id='word_1_88' title='bbox 199 1175 328 1230; x_wconf 89' lang='lat' dir='ltr'><strong>deus</strong></span> <span class='ocrx_word' id='word_1_89' title='bbox 367 1175 678 1229; x_wconf 81' lang='lat' dir='ltr'><strong>horrentem</strong></span> <span class='ocrx_word' id='word_1_90' title='bbox 719 1174 957 1227; x_wconf 89' lang='lat' dir='ltr'><strong>Lethaeo</strong></span> <span class='ocrx_word' id='word_1_91' title='bbox 997 1173 1200 1226; x_wconf 81' lang='lat' dir='ltr'><strong>vimine</strong></span> <span class='ocrx_word' id='word_1_92' title='bbox 1240 1173 1481 1226; x_wconf 89' lang='lat' dir='ltr'><strong>mulcens</strong></span> <span class='ocrx_word' id='word_1_93' title='bbox 1722 1186 1782 1226; x_wconf 87' lang='lat'><strong>30</strong></span> 
     </span>
     <span class='ocr_line' id='line_1_15' title="bbox 84 1247 1452 1320; baseline -0.003 -17"><span class='ocrx_word' id='word_1_94' title='bbox 84 1247 281 1303; x_wconf 84' lang='lat' dir='ltr'><strong>Ferrea</strong></span> <span class='ocrx_word' id='word_1_95' title='bbox 320 1249 624 1320; x_wconf 88' lang='lat' dir='ltr'><strong>tergemino</strong></span> <span class='ocrx_word' id='word_1_96' title='bbox 665 1248 964 1301; x_wconf 85' lang='lat' dir='ltr'><strong>domuisset</strong></span> <span class='ocrx_word' id='word_1_97' title='bbox 1003 1248 1207 1300; x_wconf 91' lang='lat' dir='ltr'><strong>lumina</strong></span> <span class='ocrx_word' id='word_1_98' title='bbox 1247 1265 1452 1300; x_wconf 92' lang='lat' dir='ltr'><strong>somn0.</strong></span> 
     </span>
    </p>

    <p class='ocr_par' dir='ltr' id='par_1_3' title="bbox 69 1320 1779 2058">
     <span class='ocr_line' id='line_1_16' title="bbox 157 1320 1610 1392; baseline -0.003 -15"><span class='ocrx_word' id='word_1_99' title='bbox 157 1323 262 1377; x_wconf 85' lang='lat' dir='ltr'><strong>Est</strong></span> <span class='ocrx_word' id='word_1_100' title='bbox 299 1324 450 1377; x_wconf 91' lang='lat' dir='ltr'><strong>locus</strong></span> <span class='ocrx_word' id='word_1_101' title='bbox 491 1320 768 1392; x_wconf 90' lang='lat' dir='ltr'><strong>(Inachiae</strong></span> <span class='ocrx_word' id='word_1_102' title='bbox 808 1323 1059 1375; x_wconf 88' lang='lat' dir='ltr'><strong>dixerunt</strong></span> <span class='ocrx_word' id='word_1_103' title='bbox 1097 1321 1341 1374; x_wconf 89' lang='lat' dir='ltr'><strong>Taenara</strong></span> <span class='ocrx_word' id='word_1_104' title='bbox 1380 1321 1610 1391; x_wconf 86' lang='lat' dir='ltr'><strong>gentes),</strong></span> 
     </span>
     <span class='ocr_line' id='line_1_17' title="bbox 71 1395 1480 1465; baseline -0.004 -14"><span class='ocrx_word' id='word_1_105' title='bbox 71 1397 205 1461; x_wconf 74' lang='lat' dir='ltr'><strong>&#39;Qua</strong></span> <span class='ocrx_word' id='word_1_106' title='bbox 240 1397 592 1451; x_wconf 84' lang='lat' dir='ltr'><strong>formidatum</strong></span> <span class='ocrx_word' id='word_1_107' title='bbox 630 1395 840 1449; x_wconf 90' lang='lat' dir='ltr'><strong>Maleae</strong></span> <span class='ocrx_word' id='word_1_108' title='bbox 882 1395 1185 1465; x_wconf 87' lang='lat' dir='ltr'><strong>spumantis</strong></span> <span class='ocrx_word' id='word_1_109' title='bbox 1226 1396 1280 1448; x_wconf 92' lang='lat' dir='ltr'><strong>in</strong></span> <span class='ocrx_word' id='word_1_110' title='bbox 1323 1413 1480 1447; x_wconf 85' lang='lat' dir='ltr'><strong>auras</strong></span> 
     </span>
     <span class='ocr_line' id='line_1_18' title="bbox 83 1469 1406 1541; baseline -0.003 -17"><span class='ocrx_word' id='word_1_111' title='bbox 83 1470 136 1525; x_wconf 91' lang='lat' dir='ltr'><strong>It</strong></span> <span class='ocrx_word' id='word_1_112' title='bbox 174 1475 337 1541; x_wconf 88' lang='lat' dir='ltr'><strong>caput</strong></span> <span class='ocrx_word' id='word_1_113' title='bbox 376 1475 431 1525; x_wconf 89' lang='lat' dir='ltr'><strong>et</strong></span> <span class='ocrx_word' id='word_1_114' title='bbox 467 1471 645 1524; x_wconf 89' lang='lat' dir='ltr'><strong>nullos</strong></span> <span class='ocrx_word' id='word_1_115' title='bbox 687 1470 930 1523; x_wconf 89' lang='lat' dir='ltr'><strong>admittit</strong></span> <span class='ocrx_word' id='word_1_116' title='bbox 969 1470 1203 1522; x_wconf 90' lang='lat' dir='ltr'><strong>culmine</strong></span> <span class='ocrx_word' id='word_1_117' title='bbox 1243 1469 1406 1523; x_wconf 80' lang='lat' dir='ltr'><strong>visus,</strong></span> 
     </span>
     <span class='ocr_line' id='line_1_19' title="bbox 86 1543 1779 1614; baseline -0.002 -15"><span class='ocrx_word' id='word_1_118' title='bbox 86 1543 206 1599; x_wconf 85' lang='lat' dir='ltr'><strong>Stat</strong></span> <span class='ocrx_word' id='word_1_119' title='bbox 246 1545 493 1599; x_wconf 89' lang='lat' dir='ltr'><strong>sublimis</strong></span> <span class='ocrx_word' id='word_1_120' title='bbox 535 1562 670 1614; x_wconf 87' lang='lat' dir='ltr'><strong>apex</strong></span> <span class='ocrx_word' id='word_1_121' title='bbox 708 1548 1005 1613; x_wconf 84' lang='lat' dir='ltr'><strong>ventosque</strong></span> <span class='ocrx_word' id='word_1_122' title='bbox 1045 1544 1354 1613; x_wconf 88' lang='lat' dir='ltr'><strong>imbresque</strong></span> <span class='ocrx_word' id='word_1_123' title='bbox 1396 1562 1616 1597; x_wconf 89' lang='lat' dir='ltr'><strong>serenus</strong></span> <span class='ocrx_word' id='word_1_124' title='bbox 1721 1557 1779 1597; x_wconf 83' lang='grc'><strong>35</strong></span> 
     </span>
     <span class='ocr_line' id='line_1_20' title="bbox 84 1618 1777 1691; baseline -0.001 -18"><span class='ocrx_word' id='word_1_125' title='bbox 84 1619 331 1691; x_wconf 85' lang='lat' dir='ltr'><strong>Despicit</strong></span> <span class='ocrx_word' id='word_1_126' title='bbox 369 1623 425 1674; x_wconf 89' lang='lat' dir='ltr'><strong>et</strong></span> <span class='ocrx_word' id='word_1_127' title='bbox 462 1622 680 1673; x_wconf 91' lang='lat' dir='ltr'><strong>tantum</strong></span> <span class='ocrx_word' id='word_1_128' title='bbox 719 1618 877 1671; x_wconf 88' lang='lat' dir='ltr'><strong>fessis</strong></span> <span class='ocrx_word' id='word_1_129' title='bbox 918 1618 1176 1671; x_wconf 85' lang='lat' dir='ltr'><strong>insiditur</strong></span> <span class='ocrx_word' id='word_1_130' title='bbox 1218 1619 1394 1670; x_wconf 85' lang='lat' dir='ltr'><strong>astriS.</strong></span> <span class='ocrx_word' id='word_1_131' title='bbox 1718 1631 1777 1672; x_wconf 79' lang='grc'><strong>36</strong></span> 
     </span>
     <span class='ocr_line' id='line_1_21' title="bbox 69 1692 1776 1763; baseline -0.001 -19"><span class='ocrx_word' id='word_1_132' title='bbox 69 1695 191 1747; x_wconf 59' lang='lat' dir='ltr'><strong>„Ast</strong></span> <span class='ocrx_word' id='word_1_133' title='bbox 227 1693 321 1747; x_wconf 91' lang='lat' dir='ltr'><strong>ubi</strong></span> <span class='ocrx_word' id='word_1_134' title='bbox 358 1711 530 1763; x_wconf 91' lang='lat' dir='ltr'><strong>prona</strong></span> <span class='ocrx_word' id='word_1_135' title='bbox 569 1693 706 1762; x_wconf 81' lang='lat' dir='ltr'><strong>dies,</strong></span> <span class='ocrx_word' id='word_1_136' title='bbox 745 1694 938 1762; x_wconf 90' lang='lat' dir='ltr'><strong>longos</strong></span> <span class='ocrx_word' id='word_1_137' title='bbox 981 1710 1141 1762; x_wconf 89' lang='lat' dir='ltr'><strong>super</strong></span> <span class='ocrx_word' id='word_1_138' title='bbox 1182 1709 1418 1761; x_wconf 88' lang='lat' dir='ltr'><strong>aequora</strong></span> <span class='ocrx_word' id='word_1_139' title='bbox 1457 1692 1591 1744; x_wconf 88' lang='lat' dir='ltr'><strong>fines</strong></span> <span class='ocrx_word' id='word_1_140' title='bbox 1721 1706 1776 1744; x_wconf 87' lang='lat'><strong>41</strong></span> 
     </span>
     <span class='ocr_line' id='line_1_22' title="bbox 84 1765 1672 1838; baseline -0.001 -18"><span class='ocrx_word' id='word_1_141' title='bbox 84 1765 273 1837; x_wconf 83' lang='lat' dir='ltr'><strong>Exigit</strong></span> <span class='ocrx_word' id='word_1_142' title='bbox 311 1769 471 1838; x_wconf 87' lang='lat' dir='ltr'><strong>atque</strong></span> <span class='ocrx_word' id='word_1_143' title='bbox 509 1767 701 1837; x_wconf 88' lang='lat' dir='ltr'><strong>ingens</strong></span> <span class='ocrx_word' id='word_1_144' title='bbox 742 1767 919 1820; x_wconf 89' lang='lat' dir='ltr'><strong>medio</strong></span> <span class='ocrx_word' id='word_1_145' title='bbox 958 1769 1115 1819; x_wconf 90' lang='lat' dir='ltr'><strong>natat</strong></span> <span class='ocrx_word' id='word_1_146' title='bbox 1154 1766 1346 1819; x_wconf 88' lang='lat' dir='ltr'><strong>umbra</strong></span> <span class='ocrx_word' id='word_1_147' title='bbox 1387 1766 1672 1834; x_wconf 70' lang='lat' dir='ltr'><strong>profundo</strong></span> 
     </span>
     <span class='ocr_line' id='line_1_23' title="bbox 84 1839 1289 1911; baseline 0 -18"><span class='ocrx_word' id='word_1_148' title='bbox 84 1839 351 1894; x_wconf 89' lang='lat' dir='ltr'><strong>Interiore</strong></span> <span class='ocrx_word' id='word_1_149' title='bbox 391 1841 511 1894; x_wconf 88' lang='lat' dir='ltr'><strong>sinu</strong></span> <span class='ocrx_word' id='word_1_150' title='bbox 548 1841 858 1911; x_wconf 86' lang='lat' dir='ltr'><strong>frangentia</strong></span> <span class='ocrx_word' id='word_1_151' title='bbox 896 1840 1061 1893; x_wconf 84' lang='lat' dir='ltr'><strong>litora</strong></span> <span class='ocrx_word' id='word_1_152' title='bbox 1100 1843 1289 1893; x_wconf 86' lang='lat' dir='ltr'><strong>curvat</strong></span> 
     </span>
     <span class='ocr_line' id='line_1_24' title="bbox 87 1913 1602 1984; baseline 0.001 -18"><span class='ocrx_word' id='word_1_153' title='bbox 87 1913 385 1983; x_wconf 80' lang='lat' dir='ltr'><strong>TaenarOS,</strong></span> <span class='ocrx_word' id='word_1_154' title='bbox 426 1915 702 1984; x_wconf 85' lang='lat' dir='ltr'><strong>expositus</strong></span> <span class='ocrx_word' id='word_1_155' title='bbox 743 1933 852 1968; x_wconf 93' lang='lat' dir='ltr'><strong>non</strong></span> <span class='ocrx_word' id='word_1_156' title='bbox 892 1914 1068 1967; x_wconf 90' lang='lat' dir='ltr'><strong>audax</strong></span> <span class='ocrx_word' id='word_1_157' title='bbox 1109 1915 1351 1968; x_wconf 88' lang='lat' dir='ltr'><strong>scindere</strong></span> <span class='ocrx_word' id='word_1_158' title='bbox 1392 1914 1602 1968; x_wconf 78' lang='lat' dir='ltr'><strong>fluctus,</strong></span> 
     </span>
     <span class='ocr_line' id='line_1_25' title="bbox 85 1987 1777 2058; baseline 0.001 -18"><span class='ocrx_word' id='word_1_159' title='bbox 85 1987 204 2041; x_wconf 88' lang='lat' dir='ltr'><strong>Illic</strong></span> <span class='ocrx_word' id='word_1_160' title='bbox 244 1987 460 2058; x_wconf 87' lang='lat' dir='ltr'><strong>Aegaeo</strong></span> <span class='ocrx_word' id='word_1_161' title='bbox 499 1987 789 2056; x_wconf 88' lang='lat' dir='ltr'><strong>Neptunus</strong></span> <span class='ocrx_word' id='word_1_162' title='bbox 830 1988 1047 2057; x_wconf 86' lang='lat' dir='ltr'><strong>gurgite</strong></span> <span class='ocrx_word' id='word_1_163' title='bbox 1087 1988 1261 2041; x_wconf 87' lang='lat' dir='ltr'><strong>fessos</strong></span> <span class='ocrx_word' id='word_1_164' title='bbox 1719 2003 1777 2041; x_wconf 80' lang='lat'><strong>45</strong></span> 
     </span>
    </p>
   </div>
   <div class='ocr_carea' id='block_1_3' title="bbox 85 2092 441 2099">
    <p class='ocr_par' dir='ltr' id='par_1_4' title="bbox 85 2092 441 2099">
     <span class='ocr_line' id='line_1_26' title="bbox 85 2092 441 2099; baseline 0 0"><span class='ocrx_word' id='word_1_165' title='bbox 85 2092 441 2099; x_wconf 95' lang='lat' dir='ltr'><strong> </strong></span> 
     </span>
    </p>
   </div>
   <div class='ocr_carea' id='block_1_4' title="bbox 233 2131 1782 2369">
    <p class='ocr_par' dir='ltr' id='par_1_5' title="bbox 233 2131 1778 2308">
     <span class='ocr_line' id='line_1_27' title="bbox 236 2131 1778 2190; baseline 0 -14"><span class='ocrx_word' id='word_1_166' title='bbox 236 2131 341 2176; x_wconf 91' lang='lat' dir='ltr'><strong>Illic</strong></span> <span class='ocrx_word' id='word_1_167' title='bbox 373 2131 590 2176; x_wconf 88' lang='lat' dir='ltr'><strong>exhausti</strong></span> <span class='ocrx_word' id='word_1_168' title='bbox 620 2146 818 2190; x_wconf 90' lang='lat' dir='ltr'><strong>posuere</strong></span> <span class='ocrx_word' id='word_1_169' title='bbox 851 2131 1027 2176; x_wconf 81' lang='lat' dir='ltr'><strong>cubilia</strong></span> <span class='ocrx_word' id='word_1_170' title='bbox 1057 2132 1207 2186; x_wconf 86' lang='lat' dir='ltr'><strong>venti,</strong></span> <span class='ocrx_word' id='word_1_171' title='bbox 1733 2144 1778 2176; x_wconf 81' lang='grc'><strong>37</strong></span> 
     </span>
     <span class='ocr_line' id='line_1_28' title="bbox 234 2191 1654 2248; baseline 0.001 -13"><span class='ocrx_word' id='word_1_172' title='bbox 234 2191 618 2248; x_wconf 83' lang='lat' dir='ltr'><strong>Fulminibusque</strong></span> <span class='ocrx_word' id='word_1_173' title='bbox 651 2191 742 2235; x_wconf 89' lang='lat' dir='ltr'><strong>iter</strong></span> <span class='ocrx_word' id='word_1_174' title='bbox 774 2193 866 2246; x_wconf 83' lang='lat' dir='ltr'><strong>est3</strong></span> <span class='ocrx_word' id='word_1_175' title='bbox 898 2191 1106 2236; x_wconf 89' lang='lat' dir='ltr'><strong>medium</strong></span> <span class='ocrx_word' id='word_1_176' title='bbox 1139 2206 1254 2235; x_wconf 84' lang='lat' dir='ltr'><strong>cava</strong></span> <span class='ocrx_word' id='word_1_177' title='bbox 1285 2191 1450 2236; x_wconf 82' lang='lat' dir='ltr'><strong>nubila</strong></span> <span class='ocrx_word' id='word_1_178' title='bbox 1480 2191 1654 2236; x_wconf 89' lang='lat' dir='ltr'><strong>montis</strong></span> 
     </span>
     <span class='ocr_line' id='line_1_29' title="bbox 233 2250 1468 2308; baseline 0 -13"><span class='ocrx_word' id='word_1_179' title='bbox 233 2250 527 2308; x_wconf 86' lang='lat' dir='ltr'><strong>Insumpsere</strong></span> <span class='ocrx_word' id='word_1_180' title='bbox 559 2251 704 2306; x_wconf 87' lang='lat' dir='ltr'><strong>latus,</strong></span> <span class='ocrx_word' id='word_1_181' title='bbox 739 2264 942 2294; x_wconf 88' lang='lat' dir='ltr'><strong>summos</strong></span> <span class='ocrx_word' id='word_1_182' title='bbox 973 2264 1060 2294; x_wconf 90' lang='lat' dir='ltr'><strong>nec</strong></span> <span class='ocrx_word' id='word_1_183' title='bbox 1091 2251 1330 2308; x_wconf 89' lang='lat' dir='ltr'><strong>praepetis</strong></span> <span class='ocrx_word' id='word_1_184' title='bbox 1364 2251 1468 2295; x_wconf 90' lang='lat' dir='ltr'><strong>alae</strong></span> 
     </span>
    </p>

    <p class='ocr_par' dir='ltr' id='par_1_6' title="bbox 235 2309 1782 2369">
     <span class='ocr_line' id='line_1_30' title="bbox 235 2309 1782 2369; baseline 0.001 -15"><span class='ocrx_word' id='word_1_185' title='bbox 235 2310 431 2354; x_wconf 88' lang='lat' dir='ltr'><strong>Plausus</strong></span> <span class='ocrx_word' id='word_1_186' title='bbox 464 2309 566 2354; x_wconf 87' lang='lat' dir='ltr'><strong>adit</strong></span> <span class='ocrx_word' id='word_1_187' title='bbox 597 2310 764 2366; x_wconf 86' lang='lat' dir='ltr'><strong>colles,</strong></span> <span class='ocrx_word' id='word_1_188' title='bbox 796 2324 882 2354; x_wconf 88' lang='lat' dir='ltr'><strong>nec</strong></span> <span class='ocrx_word' id='word_1_189' title='bbox 914 2323 1056 2354; x_wconf 89' lang='lat' dir='ltr'><strong>rauca</strong></span> <span class='ocrx_word' id='word_1_190' title='bbox 1087 2310 1296 2355; x_wconf 87' lang='lat' dir='ltr'><strong>tonitrua</strong></span> <span class='ocrx_word' id='word_1_191' title='bbox 1325 2310 1531 2369; x_wconf 88' lang='lat' dir='ltr'><strong>pulsant.</strong></span> <span class='ocrx_word' id='word_1_192' title='bbox 1734 2324 1782 2356; x_wconf 79' lang='lat'><strong>40</strong></span> 
     </span>
    </p>
   </div>
   <div class='ocr_carea' id='block_1_5' title="bbox 85 2395 440 2402">
    <p class='ocr_par' dir='ltr' id='par_1_7' title="bbox 85 2395 440 2402">
     <span class='ocr_line' id='line_1_31' title="bbox 85 2395 440 2402; baseline 0 704"><span class='ocrx_word' id='word_1_193' title='bbox 85 2395 440 2402; x_wconf 95' lang='lat' dir='ltr'><strong> </strong></span> 
     </span>
    </p>
   </div>
   <div class='ocr_carea' id='block_1_6' title="bbox 74 2427 1778 2546">
    <p class='ocr_par' dir='ltr' id='par_1_8' title="bbox 74 2427 1778 2546">
     <span class='ocr_line' id='line_1_32' title="bbox 74 2427 1778 2486; baseline 0.002 -13"><span class='ocrx_word' id='word_1_194' title='bbox 74 2475 78 2478; x_wconf 67' lang='grc'>,</span> <span class='ocrx_word' id='word_1_195' title='bbox 207 2434 277 2474; x_wconf 84' lang='grc'><strong>36.</strong></span> <span class='ocrx_word' id='word_1_196' title='bbox 314 2427 617 2484; x_wconf 89' lang='lat' dir='ltr'><strong>‘summisque</strong></span> <span class='ocrx_word' id='word_1_197' title='bbox 666 2428 891 2473; x_wconf 88' lang='lat' dir='ltr'><strong>insiditur</strong></span> <span class='ocrx_word' id='word_1_198' title='bbox 929 2428 1085 2473; x_wconf 81' lang='lat' dir='ltr'><strong>astris’</strong></span> <span class='ocrx_word' id='word_1_199' title='bbox 1129 2428 1409 2474; x_wconf 83' lang='lat' dir='ltr'><strong>Priscian.</strong></span> <span class='ocrx_word' id='word_1_200' title='bbox 1450 2430 1493 2473; x_wconf 89' lang='lat' dir='ltr'>X</span> <span class='ocrx_word' id='word_1_201' title='bbox 1532 2436 1580 2486; x_wconf 86' lang='lat'><strong>4,</strong></span> <span class='ocrx_word' id='word_1_202' title='bbox 1624 2436 1693 2475; x_wconf 82' lang='lat'><strong>23.</strong></span> <span class='ocrx_word' id='word_1_203' title='bbox 1729 2437 1778 2485; x_wconf 83' lang='lat'><strong>5,</strong></span> 
     </span>
     <span class='ocr_line' id='line_1_33' title="bbox 86 2487 594 2546; baseline -0.004 -14"><span class='ocrx_word' id='word_1_204' title='bbox 86 2491 142 2532; x_wconf 79' lang='lat'><strong>29</strong></span> <span class='ocrx_word' id='word_1_205' title='bbox 175 2489 235 2546; x_wconf 89' lang='lat' dir='ltr'><strong>(p.</strong></span> <span class='ocrx_word' id='word_1_206' title='bbox 269 2492 368 2533; x_wconf 81' lang='lat'>515.</span> <span class='ocrx_word' id='word_1_207' title='bbox 402 2493 486 2533; x_wconf 83' lang='lat'><strong>522</strong></span> <span class='ocrx_word' id='word_1_208' title='bbox 520 2487 594 2545; x_wconf 84' lang='lat' dir='ltr'><strong>H.)</strong></span> 
     </span>
    </p>
   </div>
   <div class='ocr_carea' id='block_1_7' title="bbox 87 2571 439 2578">
    <p class='ocr_par' dir='ltr' id='par_1_9' title="bbox 87 2571 439 2578">
     <span class='ocr_line' id='line_1_34' title="bbox 87 2571 439 2578; baseline 0 528"><span class='ocrx_word' id='word_1_209' title='bbox 87 2571 439 2578; x_wconf 95' lang='lat' dir='ltr'><strong> </strong></span> 
     </span>
    </p>
   </div>
   <div class='ocr_carea' id='block_1_8' title="bbox 203 2606 1779 2673">
    <p class='ocr_par' dir='ltr' id='par_1_10' title="bbox 203 2606 1779 2673">
     <span class='ocr_line' id='line_1_35' title="bbox 203 2606 1779 2673; baseline 0.001 -24"><span class='ocrx_word' id='word_1_210' title='bbox 203 2610 260 2650; x_wconf 79' lang='lat'><strong>2⁷</strong></span> <span class='ocrx_word' id='word_1_211' title='bbox 286 2606 427 2662; x_wconf 89' lang='lat' dir='ltr'><strong>atque</strong></span> <span class='ocrx_word' id='word_1_212' title='bbox 451 2607 577 2673; x_wconf 60' lang='lat' dir='ltr'><strong>codol.</strong></span> <span class='ocrx_word' id='word_1_213' title='bbox 599 2619 745 2662; x_wconf 85' lang='lat' dir='ltr'><strong>aeque</strong></span> <span class='ocrx_word' id='word_1_214' title='bbox 763 2621 877 2652; x_wconf 78' lang='lat' dir='ltr'><strong>corr.</strong></span> <span class='ocrx_word' id='word_1_215' title='bbox 888 2607 953 2652; x_wconf 83' lang='lat' dir='ltr'><em>R</em></span> <span class='ocrx_word' id='word_1_216' title='bbox 981 2607 1185 2664; x_wconf 73' lang='lat' dir='ltr'><strong>Uozyerus</strong></span> <span class='ocrx_word' id='word_1_217' title='bbox 1203 2606 1298 2651; x_wconf 84' lang='lat' dir='ltr'><strong>alte</strong></span> <span class='ocrx_word' id='word_1_218' title='bbox 1318 2608 1645 2652; x_wconf 65' lang='lat' dir='ltr'><strong>Lachne-annus</strong></span> <span class='ocrx_word' id='word_1_219' title='bbox 1670 2620 1779 2651; x_wconf 89' lang='lat' dir='ltr'><strong>ecce</strong></span> 
     </span>
    </p>
   </div>
   <div class='ocr_carea' id='block_1_9' title="bbox 76 2680 1781 2944">
    <p class='ocr_par' dir='ltr' id='par_1_11' title="bbox 76 2680 1781 2944">
     <span class='ocr_line' id='line_1_36' title="bbox 554 2680 604 2708; baseline 0 0"><span class='ocrx_word' id='word_1_220' title='bbox 554 2680 604 2708; x_wconf 87' lang='lat' dir='ltr'><strong>m</strong></span> 
     </span>
     <span class='ocr_line' id='line_1_37' title="bbox 76 2706 1781 2767; baseline 0 -15"><span class='ocrx_word' id='word_1_221' title='bbox 76 2706 390 2754; x_wconf 75' lang='lat' dir='ltr'><strong>Baehrensius</strong></span> <span class='ocrx_word' id='word_1_222' title='bbox 412 2710 426 2766; x_wconf 88' lang='grc' dir='ltr'><strong>ΙΙ</strong></span> <span class='ocrx_word' id='word_1_223' title='bbox 451 2715 507 2754; x_wconf 85' lang='grc'><strong>33</strong></span> <span class='ocrx_word' id='word_1_224' title='bbox 545 2710 605 2765; x_wconf 69' lang='lat' dir='ltr'><strong>ad</strong></span> <span class='ocrx_word' id='word_1_225' title='bbox 629 2715 660 2753; x_wconf 81' lang='lat'><strong>1³</strong></span> <span class='ocrx_word' id='word_1_226' title='bbox 684 2713 699 2767; x_wconf 81' lang='grc' dir='ltr'><strong>ΙΙ</strong></span> <span class='ocrx_word' id='word_1_227' title='bbox 723 2715 779 2755; x_wconf 84' lang='grc'><strong>35</strong></span> <span class='ocrx_word' id='word_1_228' title='bbox 805 2723 992 2754; x_wconf 89' lang='lat' dir='ltr'><strong>serenos</strong></span> <span class='ocrx_word' id='word_1_229' title='bbox 1010 2716 1042 2753; x_wconf 87' lang='lat' dir='ltr'>P</span> <span class='ocrx_word' id='word_1_230' title='bbox 1065 2713 1081 2767; x_wconf 86' lang='grc' dir='ltr'><strong>ΙΙ</strong></span> <span class='ocrx_word' id='word_1_231' title='bbox 1105 2715 1280 2756; x_wconf 85' lang='grc'><strong>37-40</strong></span> <span class='ocrx_word' id='word_1_232' title='bbox 1299 2711 1461 2755; x_wconf 78' lang='lat' dir='ltr'><strong>desunt</strong></span> <span class='ocrx_word' id='word_1_233' title='bbox 1477 2712 1528 2755; x_wconf 75' lang='lat' dir='ltr'><strong>in</strong></span> <span class='ocrx_word' id='word_1_234' title='bbox 1544 2709 1781 2753; x_wconf 71' lang='lat' dir='ltr'><strong>PBSG²1</strong></span> 
     </span>
     <span class='ocr_line' id='line_1_38' title="bbox 84 2769 1779 2826; baseline 0.002 -15"><span class='ocrx_word' id='word_1_235' title='bbox 84 2771 265 2814; x_wconf 69' lang='lat' dir='ltr'><strong>exstant</strong></span> <span class='ocrx_word' id='word_1_236' title='bbox 303 2769 358 2813; x_wconf 74' lang='lat' dir='ltr'><strong>in</strong></span> <span class='ocrx_word' id='word_1_237' title='bbox 395 2782 539 2826; x_wconf 73' lang='lat' dir='ltr'><strong>mary.</strong></span> <span class='ocrx_word' id='word_1_238' title='bbox 579 2774 689 2813; x_wconf 85' lang='lat' dir='ltr'><strong>PBr</strong></span> <span class='ocrx_word' id='word_1_239' title='bbox 729 2771 827 2814; x_wconf 81' lang='lat' dir='ltr'><strong>alia</strong></span> <span class='ocrx_word' id='word_1_240' title='bbox 863 2784 1007 2814; x_wconf 75' lang='lat' dir='ltr'><strong>manu</strong></span> <span class='ocrx_word' id='word_1_241' title='bbox 1046 2771 1217 2824; x_wconf 76' lang='lat' dir='ltr'><strong>additi,</strong></span> <span class='ocrx_word' id='word_1_242' title='bbox 1266 2771 1319 2814; x_wconf 78' lang='lat' dir='ltr'><strong>in</strong></span> <span class='ocrx_word' id='word_1_243' title='bbox 1361 2775 1572 2814; x_wconf 71' lang='lat' dir='ltr'><strong>contextu</strong></span> <span class='ocrx_word' id='word_1_244' title='bbox 1612 2770 1779 2814; x_wconf 76' lang='lat' dir='ltr'><strong>habent</strong></span> 
     </span>
     <span class='ocr_line' id='line_1_39' title="bbox 85 2826 1777 2886; baseline 0.003 -18"><span class='ocrx_word' id='word_1_245' title='bbox 85 2828 212 2869; x_wconf 65' lang='lat'><strong>1113</strong></span> <span class='ocrx_word' id='word_1_246' title='bbox 245 2826 386 2884; x_wconf 74' lang='lat' dir='ltr'><strong>Pray.</strong></span> <span class='ocrx_word' id='word_1_247' title='bbox 418 2832 461 2874; x_wconf 87' lang='lat'><strong>1.</strong></span> <span class='ocrx_word' id='word_1_248' title='bbox 495 2833 522 2872; x_wconf 88' lang='grc'><strong><em>3</em></strong></span> <span class='ocrx_word' id='word_1_249' title='bbox 560 2829 717 2875; x_wconf 83' lang='lat' dir='ltr'><strong>Petav.</strong></span> <span class='ocrx_word' id='word_1_250' title='bbox 750 2830 829 2886; x_wconf 76' lang='grc' dir='ltr'><strong>γδ</strong></span> <span class='ocrx_word' id='word_1_251' title='bbox 839 2844 878 2873; x_wconf 84' lang='grc' dir='ltr'><strong><em>π</em></strong></span> <span class='ocrx_word' id='word_1_252' title='bbox 902 2830 916 2886; x_wconf 90' lang='grc' dir='ltr'><strong>ΙΙ</strong></span> <span class='ocrx_word' id='word_1_253' title='bbox 941 2835 998 2873; x_wconf 88' lang='grc'><strong>44</strong></span> <span class='ocrx_word' id='word_1_254' title='bbox 1031 2828 1270 2885; x_wconf 86' lang='lat' dir='ltr'><strong>expositos</strong></span> <span class='ocrx_word' id='word_1_255' title='bbox 1303 2830 1444 2884; x_wconf 59' lang='lat' dir='ltr'><strong>codd„</strong></span> <span class='ocrx_word' id='word_1_256' title='bbox 1477 2843 1591 2873; x_wconf 86' lang='lat' dir='ltr'><strong>corr.</strong></span> <span class='ocrx_word' id='word_1_257' title='bbox 1626 2829 1777 2873; x_wconf 81' lang='lat' dir='ltr'><strong>Baeh-</strong></span> 
     </span>
     <span class='ocr_line' id='line_1_40' title="bbox 84 2886 1627 2944; baseline 0.003 -15"><span class='ocrx_word' id='word_1_258' title='bbox 84 2886 261 2931; x_wconf 71' lang='lat' dir='ltr'><strong>rensius</strong></span> <span class='ocrx_word' id='word_1_259' title='bbox 288 2890 293 2942; x_wconf 81' lang='lat'>1</span> <span class='ocrx_word' id='word_1_260' title='bbox 322 2886 531 2931; x_wconf 88' lang='lat' dir='ltr'><strong>scindere</strong></span> <span class='ocrx_word' id='word_1_261' title='bbox 565 2889 732 2944; x_wconf 75' lang='lat' dir='ltr'><strong>scripsi</strong></span> <span class='ocrx_word' id='word_1_262' title='bbox 762 2890 817 2943; x_wconf 82' lang='lat' dir='ltr'><strong>cf.</strong></span> <span class='ocrx_word' id='word_1_263' title='bbox 853 2889 1019 2933; x_wconf 77' lang='lat' dir='ltr'><strong>Achizl.</strong></span> <span class='ocrx_word' id='word_1_264' title='bbox 1056 2890 1087 2931; x_wconf 91' lang='grc' dir='ltr'><em>Ι</em></span> <span class='ocrx_word' id='word_1_265' title='bbox 1119 2893 1210 2933; x_wconf 71' lang='lat'><strong>449</strong></span> <span class='ocrx_word' id='word_1_266' title='bbox 1242 2887 1465 2932; x_wconf 85' lang='lat' dir='ltr'><strong>scandere</strong></span> <span class='ocrx_word' id='word_1_267' title='bbox 1499 2889 1627 2934; x_wconf 83' lang='lat' dir='ltr'><strong>codd.</strong></span> 
     </span>
    </p>
   </div>
  </div>
 </body>
</html>
