1976 3094
215 166 326 219 120
794 162 842 207 P.
875 161 1103 208 PAPmu
1136 161 1328 208 sTA'm

217 287 445 341 Dulcius
483 284 703 339 Edonas
742 284 949 338 hiemes
990 283 1307 354 Arctonque
1345 288 1682 354 prementem

216 359 503 430 Excipere,
543 362 637 413 aut
675 359 895 412 tandem
934 359 1106 412 tacita
1143 361 1272 429 post
1309 359 1519 428 proelia
1556 362 1715 414 nocte

218 435 536 489 Fractorum
577 433 786 487 subitas
825 435 1132 486 torrentum
1172 432 1358 486 audire
1396 434 1596 487 ruinas.
1853 448 1912 490 80

216 509 355 562 Illae
396 510 578 561 autem
616 508 804 560 tristes
845 506 996 576 (nam
1035 525 1120 560 me
1158 509 1287 561 tunc
1325 506 1501 561 libera
1540 509 1681 562 curis
1958 424 1976 612 ἑ

216 582 525 653 Virginitas
566 581 799 652 annique
838 581 1056 653 tegunt)
1097 581 1196 635 sub
1233 584 1394 636 nocte
1435 581 1627 652 dieque

216 655 477 710 Adsiduis
520 673 717 727 aegrae
756 656 812 708 in
850 656 1090 709 lacrimis
1131 656 1366 710 solantia
1403 656 1633 710 miscent
1914 719 1918 722 .
1955 643 1976 873 ἢ

218 729 544 800 Conloquia,
579 734 675 784 aut
700 748 917 784 saevam
943 733 1192 799 spectant
1213 733 1364 784 trans
1390 749 1627 800 aequora
1653 731 1910 786 Thracen.

291 803 385 858 Sol
425 822 650 873 operum
690 804 896 857 medius
937 822 1146 858 summo
1186 804 1425 858 librabat
1465 804 1696 875 Olympo
1853 818 1910 860 85
1967 834 1976 884 Ἰ

214 877 506 948 LucenteS,
545 896 642 932 ceu
682 881 875 947 staret,
915 896 1104 947 equos3
1146 881 1337 948 quater
1377 897 1475 932 axe
1515 897 1702 933 sereno

213 953 485 1023 Intonuit,
525 955 715 1022 quater
754 955 909 1006 antra
949 952 1034 1005 dei
1073 952 1335 1006 fumantis
1377 953 1597 1007 anhelos

213 1026 490 1081 Exeruere
530 1027 732 1096 apices,
771 1026 1054 1096 ventisque
1095 1027 1410 1080 absentibus
1449 1027 1641 1099 Aegon

213 1100 396 1155 Motus
438 1104 493 1155 et
531 1101 743 1171 ingenti
782 1101 1052 1171 percussit
1091 1101 1257 1155 litora
1294 1103 1485 1171 ponto:

215 1173 352 1229 Cum
394 1175 575 1229 subito
615 1175 914 1229 horrendas
955 1176 1073 1229 aevi
1115 1178 1329 1229 matura
1366 1175 1571 1246 Polyxo
1852 1190 1910 1231 90

214 1249 448 1303 Tollitur
486 1248 543 1302 in
581 1249 751 1302 furias
790 1249 1155 1319 thalamisque
1194 1249 1408 1303 insueta
1446 1250 1649 1304 relictis

212 1322 427 1378 Evolat.
504 1323 706 1377 Insano
745 1324 916 1378 veluti
955 1323 1243 1377 Teumesia
1278 1323 1464 1394 thyias

212 1396 394 1468 Rapta
435 1397 559 1469 de0,
598 1416 721 1451 cum
762 1416 915 1452 sacra
952 1401 1150 1452 vocant
1186 1397 1454 1468 Idaeaque
1499 1399 1689 1453 suadet

212 1469 398 1526 Buxus
439 1475 494 1526 et
526 1491 559 1525 a
591 1473 815 1526 summis
856 1472 1071 1526 auditus
1110 1472 1385 1526 montibus
1425 1471 1642 1527 Euhan:

214 1544 303 1600 Sic
345 1549 525 1600 erecta
565 1564 734 1618 genas
776 1547 1050 1616 aciemque
1091 1546 1264 1601 offusa
1301 1548 1558 1601 trementi
1851 1561 1908 1603 95

215 1618 491 1690 Sanguine
533 1620 802 1674 desertam
840 1621 1044 1674 rabidis
1086 1621 1410 1674 clamoribus
1452 1622 1643 1674 urbem

211 1692 499 1765 Exagitat‚
539 1695 857 1764 clausasque
899 1694 1091 1748 domus
1131 1697 1188 1747 et
1225 1695 1414 1748 limina
1451 1695 1675 1766 pulsans

213 1766 521 1822 Concilium
559 1771 742 1840 vocat,
781 1768 967 1821 infelix
1007 1769 1298 1822 comitatus
1340 1769 1490 1822 eunti

212 1841 530 1896 Haerebant
567 1842 696 1896 nati.
736 1842 942 1912 ,Atque
980 1843 1078 1896 illa
1116 1860 1227 1896 non
1266 1843 1484 1914 segnius
1525 1861 1711 1897 omnes

334 1994 402 2034 78.
446 1987 664 2032 ‘Tristius
710 1988 900 2033 Edonas
939 1989 985 2033 h.
1025 1987 1325 2045 Hebrumque
1367 1988 1595 2033 nivalem'
1646 1989 1796 2036 Serv.
1844 1991 1907 2035 ad

212 2047 326 2092 Aen.
354 2046 443 2092 XII
467 2052 568 2093 365.
621 2047 832 2092 ‘Dulcius
863 2047 1052 2093 Edonas
1083 2047 1261 2093 hiemes
1289 2048 1336 2095 h.
1359 2049 1426 2093 n.'
1461 2051 1749 2094 comment.
1775 2049 1908 2094 Ber—

211 2121 364 2154 nens.
412 2107 474 2151 ad
519 2106 690 2151 Lucan.
730 2107 753 2150 I
793 2113 878 2153 675
917 2122 962 2164 p.
1004 2113 1083 2164 44,
1131 2112 1188 2153 25
1218 2107 1273 2153 U.
1322 2135 1378 2141 —
1427 2113 1496 2153 94.
1534 2109 1601 2154 ‘et
1632 2135 1687 2143 -—
1719 2108 1905 2155 Euhan'

211 2165 476 2211 Priscian
506 2166 572 2210 VI
605 2173 645 2222 6,
678 2172 734 2212 29
766 2183 810 2224 p.
845 2171 931 2212 220
963 2167 1021 2212 H.

333 2306 388 2346 78
419 2300 622 2344 Tristius
662 2300 783 2346 Serv.
813 2302 820 2357 Ι
846 2299 1035 2344 Edonas
1076 2299 1198 2345 Serv.
1233 2301 1269 2359 (‘
1282 2299 1459 2344 Statius
1497 2302 1546 2345 et
1574 2300 1829 2359 Virgilium
1859 2304 1909 2347 et

213 2361 364 2404 artem
411 2361 597 2404 secutus
646 2358 735 2404 ait:
789 2358 991 2404 Tristius
1037 2360 1224 2404 Edonas
1272 2360 1402 2417 etc.')
1456 2373 1607 2406 comm.
1654 2362 1798 2407 Rern.
1845 2363 1909 2408 acl

211 2420 391 2464 Lucem.
424 2421 521 2464 edd.
557 2420 665 2463 inde
694 2434 725 2464 a
760 2418 957 2465 Gronov.
1006 2419 1198 2464 edonias
1234 2421 1361 2465 codd.
1394 2420 1451 2475 cf.
1485 2420 1609 2464 XII
1636 2424 1739 2466 733.
1809 2421 1907 2468 No-

211 2480 406 2524 tandum
444 2483 509 2523 est
547 2479 675 2535 apud
713 2477 795 2523 Sil.
829 2480 894 2523 It.
927 2479 959 2521 1
964 2478 1009 2523 V
1035 2483 1127 2525 776
1164 2484 1206 2524 et
1243 2479 1490 2524 Lucanum
1522 2481 1559 2523 I
1586 2483 1677 2525 675
1706 2481 1907 2537 neyzecta

211 2538 469 2595 quantitate
498 2551 663 2594 graeca
695 2538 782 2594 leyi
811 2536 987 2582 Edonis
1015 2540 1022 2595 Ι
1048 2539 1339 2595 prementem
1368 2543 1402 2581 P
1432 2537 1708 2583 frementem
1739 2541 1874 2584 ceteri
1897 2539 1902 2599 Ι

209 2596 510 2653 Hebrumque
540 2595 748 2641 nivalem
780 2596 900 2641 Serv.
926 2599 941 2653 ΙΙ
966 2601 1021 2641 82
1055 2598 1141 2641 sub
1174 2612 1256 2642 om.
1292 2611 1332 2642 π
1370 2599 1492 2643 unde
1520 2598 1757 2643 Bentleius
1788 2600 1904 2644 coni.

209 2658 490 2713 noctemque
537 2655 754 2710 diemque
793 2657 859 2700 vel
896 2657 1150 2713 noctesque
1193 2656 1387 2712 diesque
1426 2658 1524 2702 coll.
1563 2658 1676 2702 Ach.
1708 2658 1744 2701 Ι
1769 2661 1862 2703 637
1890 2658 1907 2717 ΙΙ

211 2721 267 2761 83
299 2715 351 2759 in
381 2730 464 2762 om.
496 2720 585 2758 ΒΜ
622 2718 638 2772 ΙΙ
676 2720 734 2759 84
764 2714 990 2770 Alloquia
1033 2717 1347 2761 Marklandus
1369 2717 1384 2773 ΙΙ
1407 2720 1463 2760 92
1501 2715 1659 2772 thyias
1702 2721 1736 2759 P
1764 2716 1905 2774 thyas

210 2779 299 2818 ΒΜ
321 2776 420 2821 edd.
445 2776 460 2831 ΙΙ
485 2779 539 2819 95
574 2777 759 2819 exserta
789 2788 935 2831 genas
975 2775 1203 2832 Unyerus;
1234 2780 1283 2820 at
1315 2776 1370 2830 cf.
1403 2774 1471 2818 II
1492 2779 1584 2820 506
1599 2775 1712 2822 Aah.
1732 2777 1768 2819 I
1782 2776 1901 2835 7641

213 2833 361 2878 offusa
389 2834 611 2879 Heinsius
651 2832 797 2878 effusa
821 2835 946 2879 codd.
979 2836 995 2891 ΙΙ
1027 2839 1083 2878 96
1116 2834 1348 2879 deiectam
1377 2833 1603 2880 Barthius
1625 2837 1641 2893 ΙΙ
1662 2833 1841 2891 rapidis
1872 2839 1906 2878 P

210 2893 321 2938 Beh.
357 2897 513 2937 GTrw
537 2894 551 2949 ΙΙ
576 2898 630 2937 99
663 2892 773 2936 illae
805 2894 931 2938 codd.
965 2894 1079 2949 edd„
1111 2908 1224 2939 corr.
1247 2892 1567 2946 'melerensius
