1976 3094
240 187 344 239 124
804 185 861 229 Ρ.
892 182 1124 230 ΡΑΡΪΝΠ
1157 181 1350 229 STATII

239 306 397 360 Serta
435 307 579 360 inter
617 306 892 375 festasque
933 306 1096 375 dapes
1138 323 1243 374 quo
1282 304 1520 359 maxima
1559 305 1709 360 cultu

239 381 497 451 Quaeque
538 381 735 449 iacent3
776 379 994 433 dederat
1031 380 1191 433 mites
1233 377 1503 449 Cytherea
1543 397 1793 450 suprema

237 454 414 509 Nocte
454 455 599 508 viros
638 455 908 524 longoque
947 455 1166 508 brevem
1205 456 1331 523 post
1367 457 1611 523 tempore
1648 472 1839 525 pacem

236 529 582 599 Nequiquam
622 531 677 581 et
714 529 943 582 miseros
981 528 1221 597 perituro
1262 527 1555 582 adflaverat
1593 528 1722 599 igni.
1971 575 1976 597 .-

237 601 557 656 Conticuere
598 602 770 672 chori,
810 603 1038 672 dapibus
1077 602 1311 672 ludoque
1350 602 1538 656 licenti
1846 615 1930 656 195
1969 603 1976 664 ξ

234 676 324 729 Fit
362 677 554 730 modus
594 679 649 729 et
686 677 895 746 primae
937 677 1251 730 decrescunt
1290 694 1566 730 murmura
1604 678 1804 747 noctis,
1964 679 1976 750 ξ

234 749 371 804 Cum
411 751 800 821 consanguinei
839 751 1040 804 mixtus
1081 750 1315 822 caligine
1352 750 1475 804 Leti
1966 753 1976 783 ²

231 824 374 878 Rore
413 825 636 878 madens
678 824 869 895 Stygio
910 825 1230 878 morituram
1270 825 1615 895 amplectitur
1653 825 1843 879 urbem

235 897 466 952 Somnus
508 901 562 951 et
599 899 890 969 implacido
929 898 1110 952 fundit
1149 899 1340 968 gravia
1381 899 1493 953 otia
1533 917 1699 953 cornu

237 971 587 1043 Secernitque
624 974 788 1028 viros.
864 973 1114 1043 Vigilant
1152 976 1460 1043 nuptaeque
1499 991 1772 1043 nurusque
1843 986 1931 1027 200

235 1046 301 1099 111
341 1047 516 1100 scelus
526 1089 540 1117 ‚
581 1050 741 1117 atque
780 1047 980 1101 hilares
1023 1049 1222 1100 acuunt
1259 1046 1376 1100 fera
1413 1048 1524 1101 tela
1565 1046 1803 1102 Sorores

236 1120 492 1174 Invasere
531 1121 709 1191 nefaS,
750 1124 943 1175 cuncto
984 1140 1081 1175 sua
1118 1124 1315 1191 regnat
1352 1119 1553 1192 Erinys

236 1194 476 1248 Pectore.
537 1194 665 1249 Non
706 1196 865 1249 aliter
905 1194 1187 1265 Scythicos
1227 1198 1474 1249 armenta
1510 1213 1607 1265 per
1646 1213 1809 1267 agros

237 1268 528 1337 Hyrcanae
569 1270 810 1323 clausere
848 1271 988 1335 leae,
1029 1287 1163 1339 quas
1204 1269 1372 1339 exigit
1411 1273 1534 1323 ortu

237 1341 423 1396 Prima
462 1343 656 1413 fames,
697 1344 944 1414 avidique
983 1344 1283 1413 implorant
1321 1344 1489 1398 ubera
1525 1344 1659 1399 nati.
1846 1357 1931 1398 205

238 1415 385 1479 Quos
426 1418 527 1470 tibi
565 1436 716 1487 nam,
757 1418 969 1487 dubim,
1010 1418 1276 1471 scelerum
1317 1417 1382 1472 de
1421 1418 1570 1471 mille
1608 1418 1797 1489 figuris

233 1489 535 1561 Expediam
576 1510 747 1546 casus,
807 1492 1069 1562 Elymum
1107 1492 1399 1554 temeraria
1438 1491 1619 1563 Gorge

227 1563 525 1618 Evinctum
563 1567 729 1619 ramis
772 1564 991 1636 altaque
1031 1567 1090 1619 in
1127 1566 1269 1620 mole
1307 1569 1554 1636 tapetum

227 1637 527 1692 Efflantem
569 1658 756 1693 somno
797 1641 1093 1693 crescentia
1129 1640 1256 1693 vina
1295 1643 1609 1709 superstans

234 1710 476 1766 Vulnera
517 1713 742 1766 disiecta
780 1714 1011 1766 rimatur
1048 1716 1222 1783 veste,
1263 1714 1355 1766 sed
1395 1714 1554 1767 illum
1842 1728 1928 1769 210

231 1784 427 1839 Infelix
467 1805 628 1856 sopor
669 1787 887 1841 admota
929 1788 1027 1841 sub
1069 1791 1245 1841 morte
1285 1787 1504 1857 refugit.

231 1858 503 1913 Turbidus
543 1862 915 1932 incertumque
956 1862 1127 1915 oculis
1166 1862 1524 1932 vigilantibus
1564 1862 1779 1916 hostem

230 1932 472 2003 Occupat
513 1937 784 2004 amplexu,
824 1953 924 1989 nec
964 1935 1181 2006 segnius
1221 1936 1318 1989 illa
1356 1937 1591 1989 tenentis

228 2005 377 2061 Pone
420 2008 594 2080 adigit
634 2013 839 2079 costas,
880 2009 1048 2063 donec
1087 2028 1185 2063 sua
1223 2012 1447 2079 pectora
1485 2010 1627 2064 ferro

227 2079 513 2153 Tangeret.
589 2083 644 2136 Is
685 2084 898 2136 demum
940 2084 1128 2138 sceleri
1167 2084 1382 2153 modus;
1424 2103 1519 2138 ora
1559 2084 1778 2153 supinat
1838 2098 1924 2139 215

226 2153 470 2209 Blandus
513 2157 688 2211 adhuc
727 2158 1005 2227 oculisque
1044 2161 1281 2211 tremens
1315 2162 1369 2212 et
1400 2177 1674 2212 murmure
1708 2158 1927 2229 Gorgen

344 2278 429 2317 212
457 2287 523 2329 sq.
555 2273 791 2318 ‘turbidus
812 2301 866 2308 —
883 2273 1120 2332 amplexu'
1155 2273 1433 2319 Priscian.
1467 2275 1510 2320 V
1535 2280 1575 2331 5,
1601 2280 1656 2320 27
1681 2290 1726 2332 p.
1755 2279 1839 2320 159
1863 2275 1921 2323 Η.

347 2381 430 2421 195
463 2377 590 2421 thori
615 2379 654 2421 ὃ
676 2379 809 2434 prob.
841 2377 1050 2423 Bentleio
1072 2379 1088 2434 ΙΙ
1114 2382 1197 2422 199
1228 2377 1468 2435 inplacido
1492 2383 1567 2422 PB
1597 2382 1670 2437 (ex
1693 2379 1921 2437 inplacito

225 2436 359 2492 corr.)
398 2434 633 2492 implicito
665 2453 691 2491 p
705 2451 744 2481 π
773 2437 886 2482 Beh.
928 2441 1145 2493 quattuor
1185 2437 1340 2483 Pazat.
1385 2437 1575 2484 Gruteri
1611 2438 1743 2496 Lips.
1783 2441 1916 2496 prob.

219 2493 418 2539 Heinsio
441 2497 457 2552 ss
482 2501 568 2540 204
598 2496 870 2540 Nocturnae
894 2509 931 2540 c.
961 2496 1099 2553 lupae
1124 2496 1485 2543 Friesemannus
1511 2502 1517 2553 Ι
1547 2497 1661 2542 exiit
1690 2503 1722 2541 P
1750 2500 1756 2554 Ι
1784 2500 1920 2543 antro

218 2551 548 2599 Lachmannus
571 2556 587 2611 ss
610 2559 696 2600 205
730 2553 859 2600 avidi
894 2568 999 2598 cum
1033 2556 1286 2601 Muellerus
1323 2556 1338 2614 ΙΙ
1378 2562 1463 2602 206
1498 2558 1631 2602 Inter
1663 2559 1920 2604 wnetionem

219 2625 332 2657 corr.
382 2613 709 2659 Laehmannus
751 2618 758 2671 Ι
799 2613 891 2658 tibi
937 2613 1032 2657 iam
1083 2614 1392 2660 Baehrensius
1429 2618 1444 2674 ΙΙ
1483 2621 1570 2661 207
1652 2617 1855 2673 elymum
1886 2622 1920 2659 P

217 2672 338 2716 sieut
380 2673 547 2730 Ieyitur
587 2675 714 2730 apud
761 2674 890 2730 Very.
931 2674 1047 2719 Aen.
1098 2674 1143 2717 V
1169 2678 1243 2718 73.
1284 2679 1376 2720 300
1428 2674 1656 2719 helimum
1692 2680 1781 2719 Bu
1834 2675 1918 2721 eli-

216 2743 348 2774 mum
380 2736 415 2773 G
459 2731 678 2790 Elymum
702 2734 880 2789 scripsi,
913 2746 1022 2776 nam
1051 2746 1209 2790 yraeee
1231 2738 1296 2779 est
1314 2729 1535 2789 Ἔλυμοςς
1567 2736 1637 2780 ita
1661 2736 1767 2792 leyit
1789 2735 1916 2780 Serv.

218 2791 281 2833 ad
304 2791 420 2835 Aen.
453 2791 498 2835 V
516 2796 588 2837 73.
633 2792 703 2848 Of.
726 2793 803 2837 Ov.
825 2793 938 2836 Met.
957 2791 1080 2835 XII
1096 2796 1187 2837 455
1209 2795 1225 2851 ΙΙ
1249 2798 1335 2837 212
1351 2793 1647 2850 incertusque
1667 2795 1813 2839 Prisc.
1832 2797 1916 2837 ΗΒ

219 2848 349 2902 (corr.
377 2863 432 2894 eae
455 2849 795 2908 incertumque)
825 2853 831 2907 1
858 2849 1116 2896 vilantibus
1141 2856 1173 2893 P
1195 2854 1212 2909 11
1237 2857 1321 2897 216
1349 2864 1434 2909 per
1456 2866 1694 2897 murmura
1717 2854 1756 2897 δ
1778 2854 1913 2910 prob.

215 2905 425 2953 Bentleio
456 2909 760 2956 Burmannus
784 2925 805 2955 e
835 2910 960 2955 codd.
