1976 3126
194 193 230 244 2
236 193 306 246 56
768 193 818 239 P.
850 193 1077 238 PAPINII
1108 193 1302 238 STATII

198 313 448 384 Namque
487 334 583 383 per
624 314 882 367 attonitas
923 333 1172 367 curarum
1210 315 1445 384 pondere
1483 319 1668 369 noctes
1799 329 1883 368 575

200 387 370 456 Saepe
410 391 464 441 et
504 389 751 457 delapsas
793 388 992 457 adytis,
1031 407 1163 457 quas
1203 390 1323 458 ipsa
1360 390 1588 459 dicarat,

194 461 458 526 ExuviaS,
499 479 659 531 seque
698 461 904 530 ignotis
945 480 1122 515 errare
1163 463 1424 531 sepulcris

195 535 485 589 Extorrem
523 553 804 588 nemorum
843 535 1228 606 Dryadumque
1268 556 1300 589 a
1338 537 1497 606 plebe
1534 537 1803 606 fugatam,

198 608 370 676 Saepe
409 627 580 662 novos
619 609 738 661 nati
774 610 920 663 bello
960 610 1184 663 rediisse
1223 611 1552 680 triumphOS‚

198 682 474 752 Armaque
515 686 570 736 et
608 683 874 752 alipedem
911 687 1101 737 notum
1141 686 1471 755 comitesque
1510 685 1749 754 videbat,
1801 697 1887 737 580

197 756 507 826 Numquam
556 757 759 827 ipsum,
798 756 947 828 {nunc
987 776 1050 810 ex
1088 759 1289 811 umeris
1329 759 1547 812 fluxisse
1585 758 1888 828 pharetraS,

193 829 532 899 Effigiesque
573 850 698 885 suas
740 832 1132 901 simulacraque
1172 836 1303 886 nota
1341 834 1583 886 cremari.

198 904 525 973 Praecipuos
567 906 660 958 sed
701 906 843 958 enim
882 906 979 959 illa
1018 909 1193 959 metus
1232 906 1552 975 portendere
1591 906 1708 960 visa
1747 909 1829 958 est

195 977 321 1030 Nox
360 978 590 1032 miserae
628 982 856 1049 totoque
897 980 1067 1033 erexit
1103 983 1319 1050 pectore
1357 984 1602 1033 matrem.

195 1051 347 1105 Nota
384 1070 480 1121 per
519 1053 779 1106 Arcadias
818 1053 965 1107 felici
1003 1055 1197 1107 robore
1238 1055 1403 1108 silvas
1803 1066 1887 1107 585

197 1125 436 1187 Quercus
478 1130 619 1196 erat,
659 1127 871 1180 Triviae
912 1146 1074 1197 quam
1114 1129 1487 1182 desacraverat
1524 1129 1643 1197 ipsa

195 1198 447 1252 Electam
487 1202 649 1254 turba
687 1220 968 1254 nemorum
1006 1221 1310 1271 numenque
1350 1202 1571 1255 colendo

193 1272 445 1326 Fecerat:
484 1274 574 1328 hic
614 1293 769 1328 arcus
811 1278 864 1328 et
902 1275 1046 1329 fessa
1083 1294 1342 1345 reponere
1381 1276 1513 1343 tela,

197 1347 473 1417 Armaque
513 1366 677 1402 curva
716 1368 872 1402 suum
912 1353 967 1403 et
1005 1368 1297 1403 vacuorum
1335 1353 1491 1420 terga
1528 1351 1745 1403 leonum

196 1420 390 1489 Figere
430 1425 484 1474 et
522 1423 769 1492 ingentes
811 1423 1103 1492 aequantia
1142 1443 1343 1478 cornua
1382 1425 1562 1477 silvas,
1803 1435 1888 1476 590

195 1494 306 1547 Vix
346 1497 513 1548 ramis
554 1497 729 1565 locuS‚
770 1502 1010 1567 agrestes
1051 1499 1183 1551 adeo
1224 1498 1406 1552 omnia
1445 1499 1671 1566 cingunt

195 1568 460 1638 Exuviae,
501 1574 555 1623 et
594 1572 822 1624 viridem
861 1572 992 1625 ferri
1029 1573 1177 1625 nitor
1213 1572 1440 1642 impedit
1477 1573 1739 1624 umbram.

196 1641 374 1708 Hanc,
415 1647 477 1696 ut
514 1644 655 1696 forte
694 1645 838 1713 iugis
878 1646 1044 1715 longo
1084 1646 1295 1698 defessa
1333 1645 1546 1698 redibat

199 1715 437 1786 VenatU,
477 1718 637 1771 modo
677 1722 837 1787 rapta
874 1719 1027 1772 ferox
1066 1718 1486 1788 Erymanthidos
1525 1737 1683 1771 ursae

196 1789 306 1842 Ora
345 1790 546 1861 ferens,
585 1792 756 1845 multo
796 1793 1124 1860 proscissam
1164 1794 1385 1846 vulnere
1426 1794 1598 1846 cernit
1804 1805 1888 1846 595

198 1862 533 1933 Deposuisse
573 1883 784 1920 comam
827 1870 881 1919 et
918 1870 1165 1920 rorantes
1208 1867 1470 1937 sanguine
1509 1885 1690 1920 ramos

192 1936 463 2006 Expirare
504 1939 643 2007 solo3
684 1941 964 2009 quaerenti
1002 1941 1244 2011 nympha
1283 1944 1530 1994 cruentas

196 2010 491 2065 Maenadas
531 2017 692 2082 atque
731 2013 948 2067 hostem
987 2015 1125 2067 dixit
1164 2016 1398 2068 saevisse
1437 2014 1692 2083 Lyaeum.

195 2084 343 2138 Dum
382 2086 553 2156 gemit
592 2092 644 2140 et
683 2088 905 2156 planctu
945 2089 1243 2142 circumdat
1279 2092 1467 2158 pectus
1507 2089 1679 2157 inani,

201 2158 481 2228 Abrupere
521 2163 661 2214 oculi
698 2165 913 2215 noctem
952 2166 1267 2232 maestoque
1307 2162 1471 2216 cubili
1802 2176 1886 2216 600

194 2232 399 2286 Exsilit
437 2237 491 2287 et
526 2234 695 2289 falsos
737 2237 950 2305 quaerit
987 2255 1084 2305 per
1122 2237 1327 2290 lumina
1363 2237 1532 2290 fletus
1932 2246 1954 2264 ·’

270 2307 420 2377 Ergo
460 2311 521 2361 ut
557 2310 615 2362 in
656 2328 814 2363 amne
851 2311 1004 2363 nefas
1044 2329 1221 2364 merso
1261 2314 1344 2364 ter
1384 2311 1529 2364 crine
1567 2311 1736 2379 piavit

199 2379 487 2450 Verbaque
529 2384 792 2437 sollicitas
832 2387 1068 2437 matrum
1110 2385 1343 2438 solantia
1383 2403 1537 2438 curas

200 2454 446 2524 Addidit,
486 2457 784 2527 armigerae
822 2459 932 2510 ruit
971 2459 1037 2511 ad
1078 2459 1303 2512 delubra
1344 2458 1548 2512 Dianae

316 2591 401 2631 578
434 2600 680 2631 nemorum
709 2592 844 2631 ΡΗπ
875 2588 1080 2633 nemoris
1105 2593 1232 2632 Bsu
1255 2591 1272 2647 fl
1295 2594 1379 2635 581
1412 2589 1677 2659 Numquam
1701 2594 1733 2631 P
1767 2588 1883 2632 Nus·
1920 2604 1929 2644 j

151 2723 154 2725 ,
194 2688 339 2729 quam
371 2677 503 2719 ceteri
532 2677 547 2732 ΙΙ
579 2680 664 2720 583
702 2675 806 2720 visa
838 2678 910 2720 est
939 2681 1067 2719 PGH
1100 2679 1197 2722 edd.
1229 2683 1330 2723 vett.
1363 2664 1525 2721 visa?
1554 2681 1587 2720 B
1628 2677 1729 2722 visa
1761 2680 1842 2719 SE
1870 2675 1883 2733 l}

195 2738 283 2778 589
316 2735 453 2778 torva
483 2734 669 2778 leonum
702 2740 735 2778 P
769 2737 784 2792 ΙΙ
819 2740 901 2779 591
935 2735 1026 2779 Vix
1057 2735 1202 2780 radiis
1234 2737 1460 2782 Barthius
1494 2738 1509 2793 ΙΙ
1544 2741 1627 2781 597
1660 2734 1883 2792 Expirare

193 2798 227 2834 P
277 2792 526 2849 Expirasse
565 2797 690 2837 Bsu
727 2797 742 2851 ΙΙ
782 2799 866 2839 598
917 2794 1188 2839 saeuissime
1228 2800 1260 2838 P
1298 2799 1314 2852 ΙΙ
1353 2801 1436 2840 602
1477 2795 1664 2839 inmane
1704 2800 1736 2837 P
1776 2794 1882 2837 iane

191 2854 404 2953 gg'medd.
437 2858 538 2898 vett.
571 2853 711 2897 inane
736 2855 960 2899 Burthius
983 2855 998 2910 ΙΙ
1023 2860 1109 2898 604
1141 2854 1402 2912 armigerae
1433 2859 1466 2897 P
1496 2869 1637 2912 marg.
1674 2854 1882 2897 armatae
