1976 3126
573 693 640 755 P.
686 693 994 755 PAPINII
1043 693 1306 754 STATII

465 826 1410 908 THEBAIDOS

706 1002 1165 1057 LIBERXII.

167 1223 654 1290 Nondumcuncta
693 1225 819 1296 polo
861 1226 995 1296 vigil
1034 1226 1390 1280 inclinaverat,
1429 1231 1577 1280 astra

94 1298 258 1353 Ortus
300 1302 354 1353 et
393 1299 688 1353 instantem
729 1317 894 1354 cornu
933 1301 1177 1354 tenuiore
1219 1300 1436 1354 videbat

94 1372 249 1427 Luna
288 1373 453 1444 diem,
491 1373 732 1445 trepidas
772 1374 867 1427 ubi
907 1374 1015 1427 iam
1057 1373 1314 1428 Tithonia
1353 1375 1524 1429 nubes

92 1446 334 1501 Discutit
371 1465 435 1502 ac
472 1447 655 1502 reduci
695 1466 953 1520 magnum
994 1453 1153 1518 parat
1193 1449 1413 1503 aethera
1450 1448 1695 1503 Phoebo:

93 1521 331 1592 Agmina
369 1522 480 1576 iam
519 1522 656 1576 raris
695 1521 929 1576 Dircaea
967 1523 1258 1592 penatibus
1300 1526 1503 1592 errant,
1759 1536 1785 1576 5

93 1594 284 1651 Noctis
324 1598 516 1666 questa
555 1614 761 1666 moras3
803 1598 1051 1668 quamvis
1089 1601 1219 1650 tunc
1259 1598 1374 1651 otia
1412 1598 1628 1651 tandem

94 1668 170 1723 Et
207 1670 412 1741 primus
451 1674 578 1741 post
616 1670 760 1724 bella
802 1689 987 1742 sopor,
1026 1676 1209 1725 tamen
1250 1689 1414 1742 aegra
1453 1672 1687 1742 quietem

93 1743 207 1797 Pax
245 1743 404 1816 fugat
442 1748 497 1799 et
537 1745 686 1799 saevi
724 1746 973 1800 meminit
1012 1745 1242 1799 victoria
1281 1746 1428 1799 belli.

94 1817 204 1871 Vix
242 1818 418 1887 primo
456 1819 700 1890 proferre
740 1820 970 1891 gradum
1009 1824 1075 1873 et*
1101 1820 1403 1874 munimina
1442 1820 1575 1873 valli

99 1889 343 1961 Solvere,
381 1892 472 1947 vix
509 1895 657 1947 totas
695 1911 936 1947 reserare
977 1894 1201 1948 audacia
1238 1899 1451 1963 portas3
1734 1908 1786 1946 10

100 1964 261 2020 Stant
299 1969 507 2020 veteres
548 1969 673 2021 ante
713 1986 810 2022 ora
849 1971 1024 2021 metus
1065 1969 1349 2038 campique
1388 1968 1632 2022 vacantis

95 2039 325 2095 Horror:
364 2043 426 2094 ut
465 2040 686 2095 adsiduo
726 2042 943 2094 iactatis
984 2060 1214 2111 aequore
1253 2043 1417 2096 tellus

22 2140 23 2143 ¹
95 2113 280 2168 Prima
318 2115 494 2185 labat,
533 2116 609 2168 sic
650 2115 874 2169 attoniti
911 2115 991 2168 nil
1032 2116 1333 2170 comminus
1372 2117 1451 2170 ire

97 2187 367 2243 Mirantur
406 2189 660 2260 fusasque
699 2193 897 2259 putant
936 2189 1226 2260 adsurgere
1266 2194 1491 2244 turmas,

101 2261 187 2316 Sic
223 2262 318 2317 ubi
357 2264 670 2334 perspicuae
711 2263 1058 2318 scandentem
1096 2264 1288 2318 limina
1325 2265 1491 2317 turris
1735 2276 1789 2316 15

97 2335 303 2392 Idaliae
340 2338 586 2392 volucres
624 2338 836 2392 fulvum
875 2356 1133 2408 aspexere
1173 2339 1484 2408 draconem,

219 2473 288 2513 11.
323 2467 494 2513 ‘Stant
524 2496 580 2502 —
612 2470 794 2514 metus'
831 2469 979 2515 Serv.
1014 2469 1075 2512 ad
1105 2469 1218 2514 Aen.
1252 2469 1317 2514 VI
1350 2474 1450 2516 520.

223 2591 245 2631 1
278 2587 414 2644 polos
445 2592 478 2630 P
500 2588 516 2644 ΙΙ
540 2592 566 2632 3
597 2587 782 2644 tepidas
816 2587 1062 2644 subitofflm
1093 2587 1299 2632 tithonia
1325 2593 1358 2631 B
1389 2587 1600 2645 trepidas
1633 2587 1790 2631 subito

97 2645 147 2701 ij
168 2645 324 2691 titona
347 2645 383 2703 (i
406 2647 466 2692 al.
490 2661 548 2691 m.
572 2650 820 2704 suprascr.)
846 2650 904 2691 θ’
926 2649 1136 2707 trepidas
1162 2647 1319 2692 subito
1344 2663 1370 2702 p
1394 2649 1535 2692 Behh.
1558 2646 1754 2692 Gronov.
1778 2646 1784 2705 Ι

98 2703 298 2751 tritonia
326 2710 396 2749 ΡΒ
427 2719 503 2763 pr.
537 2720 593 2751 m.
617 2708 634 2764 11
658 2711 684 2751 6
714 2706 972 2764 Noctisque
1004 2708 1099 2752 ista
1129 2712 1161 2750 P
1183 2710 1199 2765 ss
1224 2712 1250 2752 8
1281 2706 1400 2751 belli
1429 2722 1489 2750 m.
1522 2721 1564 2751 v.
1599 2706 1730 2750 saeui
1758 2710 1792 2748 P

102 2763 232 2811 saeui
261 2779 322 2812 m.
354 2779 397 2809 v.
430 2763 545 2811 belli
577 2767 710 2811 ceteri
731 2768 747 2823 ΙΙ
772 2772 828 2812 10
858 2769 987 2813 tutas
1018 2767 1330 2812 Baehremius
1352 2768 1368 2823 ΙΙ
1394 2771 1445 2810 11
1490 2765 1702 2810 vocantis
1734 2765 1793 2808 0²

98 2837 170 2881 pr.
202 2838 259 2870 m.
290 2825 512 2883 B(?)oRT
546 2823 666 2870 Oozb.
701 2825 854 2872 Paris.
889 2831 1013 2873 8053
1044 2827 1272 2871 Barthius
1314 2828 1390 2882 (se.
1431 2826 1494 2870 ad
1518 2826 1743 2883 puynam)
1778 2826 1791 2882 J}

104 2887 160 2928 15
189 2883 466 2941 prospicuae
498 2899 542 2927 m
571 2885 669 2930 edd.
