2020 3106
502 86 782 137 EDITORIS
813 87 1169 135 PRAEFATIO.
1560 88 1689 134 XVII

153 212 411 269 Maiorem
419 211 651 269 fructum
663 209 1029 281 praebuerunt
1043 209 1441 264 emendationes
1455 210 1689 264 luculen-

20 285 247 340 ‘ssimae
282 289 341 341 et
369 283 675 341 Richardi
714 283 1005 353 Bentlei,
1043 302 1179 354 quae
1211 284 1462 354 leguntur
1500 285 1556 337 in
1595 284 1688 338 illo

47 361 178 414 [usei
230 358 525 418 Britannici
579 358 851 427 exemplo,
913 358 976 411 de
1031 376 1136 427 quo
1192 375 1355 427 supra
1409 358 1484 427 (p.
1530 356 1687 429 XIV)

46 435 134 503 ixi,
182 436 237 488 et
272 432 536 489 Ioannis
576 429 919 486 Schraderi
960 450 1023 484 ex
1064 432 1246 503 legato
1281 429 1504 485 Santoni
1547 430 1686 501 (MS.

7 506 149 561 ·›iez.
193 507 252 562 Β.
297 504 442 561 Sant.
487 505 583 576 47)
631 523 664 559 a
710 504 780 559 M.
829 505 1070 574 Hauptio
1127 507 1160 560 l.
1201 506 1235 559 1.
1283 524 1333 575 p.
1379 506 1519 560 1081
1573 524 1686 577 sqq.

3 581 10 592 '
44 583 239 636 rimum
278 579 346 636 ad
382 580 557 635 lucem
592 579 848 649 prolatae,
889 598 1021 649 quas
1055 598 1244 634 omnes
1277 581 1334 632 in
1366 583 1689 649 apparatum

7 657 13 668 '
40 656 266 724 riticum,
302 655 360 711 in
389 656 595 709 textum
632 670 743 707 non
781 671 980 722 paucas
1019 654 1252 723 recipere
1286 671 1394 707 non
1428 653 1690 708 dubitavi.

151 728 264 783 Nec
302 727 437 783 mihi
475 726 643 782 defuit
691 728 967 796 exemplar
1013 727 1148 780 illud
1195 727 1449 781 editionis
1490 726 1689 797 Bipon·

35 803 176 871 inae,
222 803 281 857 in
323 802 470 856 cuius
509 801 752 872 margine
799 820 990 855 manus
1039 800 1257 856 Caroli
1297 801 1689 856 Lachmanni

34 876 105 928 iri
131 876 325 932 summi
350 875 552 946 ingenii
577 878 633 929 et
657 875 934 929 doctrinae
958 876 1080 929 inde
1106 876 1174 929 ab
1201 894 1247 929 a.
1275 876 1412 929 1811
1442 876 1689 929 emenda·

32 950 214 1003 ionum
239 952 293 1004 et
322 949 746 1005 coniecturarum
779 950 990 1019 copiam
1018 949 1307 1019 inscripsit.
1319 946 1363 1019 ⁸)
1396 948 1688 1003 Muellerus

30 1024 210 1076 »rimus
248 1023 390 1079 hunc
435 1022 750 1077 eruditionis
799 1023 1110 1078 thesaurum
1164 1027 1225 1076 ut
1273 1023 1351 1076 ita
1398 1023 1574 1077 dicam
1611 1024 1687 1076 in-

28 1098 152 1150 enit
185 1099 239 1151 et
270 1097 336 1152 ad
368 1115 459 1152 sex
489 1097 657 1151 libros
689 1096 894 1167 priores
927 1098 1129 1167 publici
1163 1097 1294 1151 iuris
1334 1096 1478 1151 fecit
1541 1096 1689 1161 Quae

26 1190 61 1223 n
78 1171 172 1224 illo
191 1166 483 1242 exemplari
507 1171 764 1226 adnotata
787 1172 1039 1243 leguntur
1062 1177 1122 1225 ut
1139 1172 1324 1226 omnia
1340 1171 1485 1225 domi
1510 1171 1692 1240 depin-

0 1262 133 1315 :gere
171 1262 400 1330 possem,
439 1246 702 1299 concessit
733 1246 867 1299 mihi
899 1245 1209 1299 humanitas
1243 1245 1461 1299 Ernesti
1494 1244 1689 1313 Curtii3

0 1322 250 1372 ·›ervatur
295 1319 435 1373 enim
488 1319 626 1373 liber
670 1320 727 1372 in
783 1323 1049 1389 apparatu
1104 1319 1515 1388 archaeologico
1570 1319 1688 1372 uni-

19 1392 276 1446 rersitatis
315 1393 616 1446 litterarum
654 1392 1035 1447 BerolinensiS.

152 1466 397 1537 Denique
450 1467 519 1520 ad
569 1469 743 1521 totam
790 1467 1067 1521 Thebaida
1121 1466 1505 1521 recensendam
1557 1465 1691 1519 mihi

15 1539 293 1594 adfuerunt
331 1540 554 1596 schedae
592 1540 647 1595 F.
679 1540 744 1594 A.
776 1540 1021 1595 Menkii
1060 1539 1151 1613 (cf.
1183 1541 1348 1610 praef.
1381 1541 1449 1594 ad
1489 1540 1691 1594 Achill.

13 1633 53 1683 p.
93 1612 222 1666 XIV
255 1632 330 1683 sq.
334 1613 378 1684 ),
422 1632 486 1668 ex
534 1614 727 1684 quibus
767 1634 887 1669 cum
927 1615 1263 1670 conlationes
1304 1615 1547 1670 codicum
1587 1613 1691 1667 Gu-

11 1686 152 1741 diani
191 1687 263 1742 52
300 1687 751 1743 Helmstadiensis
791 1689 1162 1758 Taurinensis,
1202 1707 1336 1759 quas
1376 1689 1459 1742 vir
1497 1688 1693 1741 doctis-

0 1761 174 1814 simus
214 1763 331 1831 ipse
371 1780 579 1816 summa
618 1780 738 1816 cum
786 1763 1071 1834 diligentia
1117 1763 1363 1833 confecit,
1415 1767 1468 1815 et
1515 1780 1691 1815 emen·

7 1835 250 1888 dationes
299 1833 547 1889 Scriverii
591 1835 805 1890 Heinsii
851 1836 1174 1906 Burmanni,
1226 1855 1359 1907 quas
1406 1855 1471 1889 ex
1519 1854 1691 1889 exem-

6 1909 247 1978 plaribus
300 1907 749 1979 Gottingensibus
806 1910 1114 1980 descripsit,
1160 1915 1277 1964 tum
1324 1929 1434 1964 non
1492 1928 1691 1978 paucas

5 2000 202 2053 easque
235 1983 574 2037 acutissimas
607 1984 777 2053 ipsius
809 1985 1146 2039 coniecturas
1178 1986 1387 2054 repetii.
1441 1983 1594 2046 Quod
1633 1987 1694 2037 ut

4 2057 282 2110 commode
336 2057 590 2126 perficere
643 2058 935 2127 potuerim,
995 2059 1163 2111 debeo
1219 2058 1534 2111 liberalitati
1588 2057 1694 2110 Ba-

5 2132 191 2199 rackii,
231 2131 428 2184 summi
466 2130 595 2183 bibl.
636 2131 1113 2201 Argentoratensis
1153 2131 1428 2201 praefecti.

154 2205 347 2258 Restat
383 2222 526 2258 nunc
565 2208 626 2258 ut
666 2205 742 2257 eis
773 2205 902 2257 viris
935 2205 1260 2259 doctissimis
1294 2205 1695 2258 eruditissimis-

5 2296 131 2348 que,
186 2278 276 2349 qui
321 2277 455 2330 mihi
500 2278 557 2331 in
602 2278 704 2331 hac
755 2278 988 2332 editione
1033 2279 1356 2348 perficienda
1404 2278 1691 2332 adfuerunt

6 2369 207 2422 suaque
247 2370 412 2421 opera
450 2369 535 2404 me
575 2351 905 2422 adiuverunt,
944 2354 1148 2423 gratias
1189 2370 1349 2423 agam
1389 2371 1550 2422 quam
1583 2371 1694 2405 ma-

5 2426 194 2479 ximas.
243 2426 388 2489 Quos
414 2443 533 2478 cum
564 2426 620 2478 in
653 2427 728 2479 eis
765 2445 898 2496 quae
932 2445 1094 2510 supra
1125 2427 1235 2480 dixi
1266 2428 1548 2496 plerosque
1584 2426 1694 2479 iam

5 2499 432 2568 memoraverim,
471 2499 573 2552 hoc
604 2500 770 2552 loco
756 2501 1018 2570 lmprimis
1050 2501 1187 2554 mihi
1217 2501 1576 2555 nominandus
1610 2504 1694 2553 est

127 2691 170 2745 3)
211 2687 408 2745 Scripsit
446 2688 589 2732 etiam
626 2688 676 2732 in
712 2689 872 2735 libello
913 2690 1118 2736 academ.
1159 2689 1455 2746 Gottingensi
1497 2693 1613 2733 1815
1644 2702 1690 2744 p.

9 2751 62 2792 11
90 2762 189 2804 sqq.
229 2748 285 2791 de
318 2747 501 2804 aliquot
531 2747 645 2793 locis
676 2747 938 2795 Thebaidos
971 2748 1270 2794 emendandis
1302 2750 1376 2804 (-—-
1399 2748 1574 2805 scripta
1607 2749 1692 2792 mi-

5 2819 124 2851 nora
155 2805 198 2848 II
231 2810 344 2851 1876
376 2821 420 2863 p.
447 2811 502 2851 47
529 2809 662 2864 sqq.).

99 2887 123 2921 S
127 2897 239 2920 rrrrr
263 2888 292 2920 Τ
296 2897 455 2923 ΒΒΒΒΒΒΒ
1307 2879 1335 2923 b
