<?xml version="1.0" encoding="UTF-8"?>
<!DOCTYPE html PUBLIC "-//W3C//DTD XHTML 1.0 Transitional//EN"
    "http://www.w3.org/TR/xhtml1/DTD/xhtml1-transitional.dtd">
<html xmlns="http://www.w3.org/1999/xhtml" xml:lang="en" lang="en">
 <head>
  <title>
</title>
<meta http-equiv="Content-Type" content="text/html;charset=utf-8" />
  <meta name='ocr-system' content='tesseract 3.04.00' />
  <meta name='ocr-capabilities' content='ocr_page ocr_carea ocr_par ocr_line ocrx_word'/>
</head>
<body>
  <div class='ocr_page' id='page_1' title='image "./operapapinius12statuoft_0328.png"; bbox 0 0 1976 3094; ppageno 0'>
   <div class='ocr_carea' id='block_1_1' title="bbox 257 138 1367 196">
    <p class='ocr_par' dir='ltr' id='par_1_1' title="bbox 257 138 1367 196">
     <span class='ocr_line' id='line_1_1' title="bbox 257 138 1367 196; baseline -0.002 -11"><span class='ocrx_word' id='word_1_1' title='bbox 257 142 328 196; x_wconf 80' lang='lat'>58</span> <span class='ocrx_word' id='word_1_2' title='bbox 835 140 883 184; x_wconf 93' lang='lat' dir='ltr'>P.</span> <span class='ocrx_word' id='word_1_3' title='bbox 916 139 1142 184; x_wconf 89' lang='lat' dir='ltr'>PAPINII</span> <span class='ocrx_word' id='word_1_4' title='bbox 1173 138 1367 185; x_wconf 84' lang='lat' dir='ltr'>STATII</span> 
     </span>
    </p>
   </div>
   <div class='ocr_carea' id='block_1_2' title="bbox 252 259 1976 2702">
    <p class='ocr_par' dir='ltr' id='par_1_2' title="bbox 252 259 1976 2702">
     <span class='ocr_line' id='line_1_2' title="bbox 257 259 1714 317; baseline -0.001 0"><span class='ocrx_word' id='word_1_5' title='bbox 257 262 315 317; x_wconf 81' lang='lat' dir='ltr'>Si</span> <span class='ocrx_word' id='word_1_6' title='bbox 354 265 602 317; x_wconf 88' lang='lat' dir='ltr'>conserta</span> <span class='ocrx_word' id='word_1_7' title='bbox 640 259 866 315; x_wconf 64' lang='lat' dir='ltr'>manus?</span> <span class='ocrx_word' id='word_1_8' title='bbox 943 260 1113 315; x_wconf 87' lang='lat' dir='ltr'>Vario</span> <span class='ocrx_word' id='word_1_9' title='bbox 1154 260 1230 315; x_wconf 91' lang='lat' dir='ltr'>sic</span> <span class='ocrx_word' id='word_1_10' title='bbox 1267 260 1516 315; x_wconf 86' lang='lat' dir='ltr'>turbidus</span> <span class='ocrx_word' id='word_1_11' title='bbox 1558 265 1714 315; x_wconf 87' lang='lat' dir='ltr'>aestu</span> 
     </span>
     <span class='ocr_line' id='line_1_3' title="bbox 255 336 1704 408; baseline -0.001 -18"><span class='ocrx_word' id='word_1_12' title='bbox 255 337 492 408; x_wconf 91' lang='lat' dir='ltr'>Angitur</span> <span class='ocrx_word' id='word_1_13' title='bbox 533 355 595 390; x_wconf 86' lang='lat' dir='ltr'>ac</span> <span class='ocrx_word' id='word_1_14' title='bbox 634 353 751 390; x_wconf 89' lang='lat' dir='ltr'>sese</span> <span class='ocrx_word' id='word_1_15' title='bbox 791 336 977 404; x_wconf 90' lang='lat' dir='ltr'>culpat</span> <span class='ocrx_word' id='word_1_16' title='bbox 1015 353 1177 404; x_wconf 90' lang='lat' dir='ltr'>super</span> <span class='ocrx_word' id='word_1_17' title='bbox 1217 336 1420 404; x_wconf 88' lang='lat' dir='ltr'>omnia,</span> <span class='ocrx_word' id='word_1_18' title='bbox 1460 336 1552 405; x_wconf 91' lang='lat' dir='ltr'>qui</span> <span class='ocrx_word' id='word_1_19' title='bbox 1591 354 1704 390; x_wconf 94' lang='lat' dir='ltr'>non</span> 
     </span>
     <span class='ocr_line' id='line_1_4' title="bbox 255 409 1936 481; baseline -0.001 -17"><span class='ocrx_word' id='word_1_20' title='bbox 255 411 515 465; x_wconf 90' lang='lat' dir='ltr'>Orantem</span> <span class='ocrx_word' id='word_1_21' title='bbox 554 411 612 463; x_wconf 92' lang='lat' dir='ltr'>in</span> <span class='ocrx_word' id='word_1_22' title='bbox 650 410 840 470; x_wconf 88' lang='lat' dir='ltr'>mediis</span> <span class='ocrx_word' id='word_1_23' title='bbox 881 411 1123 479; x_wconf 88' lang='lat' dir='ltr'>legatum</span> <span class='ocrx_word' id='word_1_24' title='bbox 1163 409 1406 463; x_wconf 91' lang='lat' dir='ltr'>coetibus</span> <span class='ocrx_word' id='word_1_25' title='bbox 1447 427 1572 463; x_wconf 90' lang='lat' dir='ltr'>ense</span> <span class='ocrx_word' id='word_1_26' title='bbox 1888 423 1936 481; x_wconf 15' lang='lat'>2¹</span> 
     </span>
     <span class='ocr_line' id='line_1_5' title="bbox 260 483 1591 554; baseline -0.002 -15"><span class='ocrx_word' id='word_1_27' title='bbox 260 486 555 539; x_wconf 92' lang='lat' dir='ltr'>Perculerit</span> <span class='ocrx_word' id='word_1_28' title='bbox 594 484 882 554; x_wconf 88' lang='lat' dir='ltr'>foedasque</span> <span class='ocrx_word' id='word_1_29' title='bbox 921 484 1106 552; x_wconf 86' lang='lat' dir='ltr'>palam</span> <span class='ocrx_word' id='word_1_30' title='bbox 1145 483 1428 537; x_wconf 73' lang='lat' dir='ltr'>satiaverit</span> <span class='ocrx_word' id='word_1_31' title='bbox 1464 484 1591 538; x_wconf 81' lang='lat' dir='ltr'>iras,</span> 
     </span>
     <span class='ocr_line' id='line_1_6' title="bbox 262 558 1760 628; baseline -0.001 -16"><span class='ocrx_word' id='word_1_32' title='bbox 262 560 379 613; x_wconf 87' lang='lat' dir='ltr'>Iam</span> <span class='ocrx_word' id='word_1_33' title='bbox 419 560 585 628; x_wconf 89' lang='lat' dir='ltr'>pudet</span> <span class='ocrx_word' id='word_1_34' title='bbox 622 559 847 628; x_wconf 75' lang='lat' dir='ltr'>incepti,</span> <span class='ocrx_word' id='word_1_35' title='bbox 885 559 996 611; x_wconf 89' lang='lat' dir='ltr'>iam</span> <span class='ocrx_word' id='word_1_36' title='bbox 1034 558 1288 627; x_wconf 88' lang='lat' dir='ltr'>paenitet.</span> <span class='ocrx_word' id='word_1_37' title='bbox 1366 558 1446 611; x_wconf 91' lang='lat' dir='ltr'>Ac</span> <span class='ocrx_word' id='word_1_38' title='bbox 1485 559 1632 611; x_wconf 87' lang='lat' dir='ltr'>velut</span> <span class='ocrx_word' id='word_1_39' title='bbox 1670 558 1760 611; x_wconf 90' lang='lat' dir='ltr'>ille</span> 
     </span>
     <span class='ocr_line' id='line_1_7' title="bbox 259 631 1660 687; baseline 0 -1"><span class='ocrx_word' id='word_1_40' title='bbox 259 633 540 687; x_wconf 83' lang='lat' dir='ltr'>Fluctibus</span> <span class='ocrx_word' id='word_1_41' title='bbox 579 632 747 687; x_wconf 91' lang='lat' dir='ltr'>Ioniis</span> <span class='ocrx_word' id='word_1_42' title='bbox 788 631 1054 686; x_wconf 82' lang='lat' dir='ltr'>Calabrae</span> <span class='ocrx_word' id='word_1_43' title='bbox 1095 632 1251 686; x_wconf 86' lang='lat' dir='ltr'>datus</span> <span class='ocrx_word' id='word_1_44' title='bbox 1292 632 1497 685; x_wconf 88' lang='lat' dir='ltr'>arbiter</span> <span class='ocrx_word' id='word_1_45' title='bbox 1537 633 1660 686; x_wconf 89' lang='lat' dir='ltr'>alno</span> 
     </span>
     <span class='ocr_line' id='line_1_8' title="bbox 252 704 1781 777; baseline -0.001 -15"><span class='ocrx_word' id='word_1_46' title='bbox 252 708 369 762; x_wconf 88' lang='lat' dir='ltr'>Nec</span> <span class='ocrx_word' id='word_1_47' title='bbox 407 707 557 760; x_wconf 90' lang='lat' dir='ltr'>rudis</span> <span class='ocrx_word' id='word_1_48' title='bbox 596 707 864 760; x_wconf 89' lang='lat' dir='ltr'>undarum</span> <span class='ocrx_word' id='word_1_49' title='bbox 905 704 1118 777; x_wconf 89' lang='lat' dir='ltr'>(portus</span> <span class='ocrx_word' id='word_1_50' title='bbox 1160 706 1256 760; x_wconf 92' lang='lat' dir='ltr'>sed</span> <span class='ocrx_word' id='word_1_51' title='bbox 1293 706 1556 776; x_wconf 86' lang='lat' dir='ltr'>linquere</span> <span class='ocrx_word' id='word_1_52' title='bbox 1579 706 1781 760; x_wconf 90' lang='lat' dir='ltr'>amicos</span> 
     </span>
     <span class='ocr_line' id='line_1_9' title="bbox 257 778 1953 852; baseline -0.002 -17"><span class='ocrx_word' id='word_1_53' title='bbox 257 782 452 835; x_wconf 90' lang='lat' dir='ltr'>Purior</span> <span class='ocrx_word' id='word_1_54' title='bbox 492 781 670 835; x_wconf 92' lang='lat' dir='ltr'>Olenii</span> <span class='ocrx_word' id='word_1_55' title='bbox 708 781 917 834; x_wconf 86' lang='lat' dir='ltr'>frustra</span> <span class='ocrx_word' id='word_1_56' title='bbox 956 780 1154 851; x_wconf 87' lang='lat' dir='ltr'>gradus</span> <span class='ocrx_word' id='word_1_57' title='bbox 1194 781 1413 851; x_wconf 89' lang='lat' dir='ltr'>impulit</span> <span class='ocrx_word' id='word_1_58' title='bbox 1455 778 1641 852; x_wconf 86' lang='lat' dir='ltr'>astri),</span> <span class='ocrx_word' id='word_1_59' title='bbox 1889 794 1953 839; x_wconf 49' lang='lat'>2225</span> 
     </span>
     <span class='ocr_line' id='line_1_10' title="bbox 255 854 1950 924; baseline -0.001 -16"><span class='ocrx_word' id='word_1_60' title='bbox 255 854 393 909; x_wconf 93' lang='lat' dir='ltr'>Cum</span> <span class='ocrx_word' id='word_1_61' title='bbox 431 856 618 924; x_wconf 89' lang='lat' dir='ltr'>fragor</span> <span class='ocrx_word' id='word_1_62' title='bbox 655 856 871 909; x_wconf 87' lang='lat' dir='ltr'>hiberni</span> <span class='ocrx_word' id='word_1_63' title='bbox 909 855 1121 909; x_wconf 90' lang='lat' dir='ltr'>subitus</span> <span class='ocrx_word' id='word_1_64' title='bbox 1161 854 1305 909; x_wconf 86' lang='lat' dir='ltr'>Iovis</span> <span class='ocrx_word' id='word_1_65' title='bbox 1315 897 1330 924; x_wconf 86' lang='lat'><em>‚</em></span> <span class='ocrx_word' id='word_1_66' title='bbox 1370 855 1553 908; x_wconf 88' lang='lat' dir='ltr'>omnia</span> <span class='ocrx_word' id='word_1_67' title='bbox 1590 855 1774 908; x_wconf 88' lang='lat' dir='ltr'>mundi</span> <span class='ocrx_word' id='word_1_68' title='bbox 1946 870 1950 881; x_wconf 73' lang='grc'>’-</span> 
     </span>
     <span class='ocr_line' id='line_1_11' title="bbox 258 929 1783 999; baseline 0 -16"><span class='ocrx_word' id='word_1_69' title='bbox 258 929 510 983; x_wconf 82' lang='lat' dir='ltr'>Claustra</span> <span class='ocrx_word' id='word_1_70' title='bbox 546 933 746 984; x_wconf 89' lang='lat' dir='ltr'>tonant</span> <span class='ocrx_word' id='word_1_71' title='bbox 784 931 1091 999; x_wconf 83' lang='lat' dir='ltr'>multusque</span> <span class='ocrx_word' id='word_1_72' title='bbox 1127 930 1283 999; x_wconf 87' lang='lat' dir='ltr'>polos</span> <span class='ocrx_word' id='word_1_73' title='bbox 1323 929 1552 982; x_wconf 87' lang='lat' dir='ltr'>inclinat</span> <span class='ocrx_word' id='word_1_74' title='bbox 1593 929 1783 998; x_wconf 87' lang='lat' dir='ltr'>Orion,</span> 
     </span>
     <span class='ocr_line' id='line_1_12' title="bbox 255 1004 1654 1073; baseline -0.001 -16"><span class='ocrx_word' id='word_1_75' title='bbox 255 1004 380 1073; x_wconf 91' lang='lat' dir='ltr'>Ipse</span> <span class='ocrx_word' id='word_1_76' title='bbox 420 1005 633 1073; x_wconf 93' lang='lat' dir='ltr'>quidem</span> <span class='ocrx_word' id='word_1_77' title='bbox 672 1005 829 1059; x_wconf 90' lang='lat' dir='ltr'>malit</span> <span class='ocrx_word' id='word_1_78' title='bbox 867 1008 1041 1057; x_wconf 88' lang='lat' dir='ltr'>terras</span> <span class='ocrx_word' id='word_1_79' title='bbox 1080 1007 1394 1073; x_wconf 86' lang='lat' dir='ltr'>pugnatque</span> <span class='ocrx_word' id='word_1_80' title='bbox 1433 1004 1654 1072; x_wconf 82' lang='lat' dir='ltr'>reverti,</span> 
     </span>
     <span class='ocr_line' id='line_1_13' title="bbox 254 1077 1965 1150; baseline -0.002 -20"><span class='ocrx_word' id='word_1_81' title='bbox 254 1077 384 1131; x_wconf 87' lang='lat' dir='ltr'>Fert</span> <span class='ocrx_word' id='word_1_82' title='bbox 423 1080 613 1150; x_wconf 88' lang='lat' dir='ltr'>ingens</span> <span class='ocrx_word' id='word_1_83' title='bbox 654 1099 686 1132; x_wconf 89' lang='lat' dir='ltr'>a</span> <span class='ocrx_word' id='word_1_84' title='bbox 723 1097 903 1148; x_wconf 90' lang='lat' dir='ltr'>puppe</span> <span class='ocrx_word' id='word_1_85' title='bbox 942 1078 1141 1146; x_wconf 80' lang='lat' dir='ltr'>Notus,</span> <span class='ocrx_word' id='word_1_86' title='bbox 1181 1080 1312 1131; x_wconf 88' lang='lat' dir='ltr'>tunc</span> <span class='ocrx_word' id='word_1_87' title='bbox 1352 1081 1469 1131; x_wconf 91' lang='lat' dir='ltr'>arte</span> <span class='ocrx_word' id='word_1_88' title='bbox 1508 1078 1700 1130; x_wconf 89' lang='lat' dir='ltr'>relicta</span> <span class='ocrx_word' id='word_1_89' title='bbox 1932 1123 1965 1133; x_wconf 78' lang='grc'><strong>,</strong></span> 
     </span>
     <span class='ocr_line' id='line_1_14' title="bbox 254 1151 1908 1223; baseline -0.001 -18"><span class='ocrx_word' id='word_1_90' title='bbox 254 1151 489 1223; x_wconf 83' lang='lat' dir='ltr'>Ingemit</span> <span class='ocrx_word' id='word_1_91' title='bbox 530 1156 584 1206; x_wconf 88' lang='lat' dir='ltr'>et</span> <span class='ocrx_word' id='word_1_92' title='bbox 623 1172 806 1207; x_wconf 88' lang='lat' dir='ltr'>caecas</span> <span class='ocrx_word' id='word_1_93' title='bbox 848 1153 1091 1222; x_wconf 88' lang='lat' dir='ltr'>sequitur</span> <span class='ocrx_word' id='word_1_94' title='bbox 1129 1153 1239 1205; x_wconf 86' lang='lat' dir='ltr'>iam</span> <span class='ocrx_word' id='word_1_95' title='bbox 1276 1152 1489 1205; x_wconf 92' lang='lat' dir='ltr'>nescius</span> <span class='ocrx_word' id='word_1_96' title='bbox 1528 1152 1724 1205; x_wconf 87' lang='lat' dir='ltr'>undas:</span> <span class='ocrx_word' id='word_1_97' title='bbox 1883 1164 1955 1207; x_wconf 90' lang='lat'><strong>3</strong></span> 
     </span>
     <span class='ocr_line' id='line_1_15' title="bbox 255 1226 1976 1297; baseline -0.001 -18"><span class='ocrx_word' id='word_1_98' title='bbox 255 1226 404 1279; x_wconf 87' lang='lat' dir='ltr'>Talis</span> <span class='ocrx_word' id='word_1_99' title='bbox 443 1227 758 1297; x_wconf 89' lang='lat' dir='ltr'>Agenoreus</span> <span class='ocrx_word' id='word_1_100' title='bbox 799 1227 989 1280; x_wconf 91' lang='lat' dir='ltr'>ductor</span> <span class='ocrx_word' id='word_1_101' title='bbox 1027 1227 1282 1296; x_wconf 89' lang='lat' dir='ltr'>caeloque</span> <span class='ocrx_word' id='word_1_102' title='bbox 1321 1229 1624 1279; x_wconf 89' lang='lat' dir='ltr'>morantem</span> <span class='ocrx_word' id='word_1_103' title='bbox 1974 1229 1976 1242; x_wconf 73' lang='lat'><strong>⁴</strong></span> 
     </span>
     <span class='ocr_line' id='line_1_16' title="bbox 256 1299 1743 1369; baseline -0.001 -16"><span class='ocrx_word' id='word_1_104' title='bbox 256 1299 564 1354; x_wconf 88' lang='lat' dir='ltr'>Luciferum</span> <span class='ocrx_word' id='word_1_105' title='bbox 605 1306 660 1356; x_wconf 90' lang='lat' dir='ltr'>et</span> <span class='ocrx_word' id='word_1_106' title='bbox 700 1320 846 1358; x_wconf 89' lang='lat' dir='ltr'>seros</span> <span class='ocrx_word' id='word_1_107' title='bbox 887 1300 1253 1354; x_wconf 89' lang='lat' dir='ltr'>maerentibus</span> <span class='ocrx_word' id='word_1_108' title='bbox 1292 1300 1537 1369; x_wconf 83' lang='lat' dir='ltr'>increpat</span> <span class='ocrx_word' id='word_1_109' title='bbox 1577 1303 1743 1353; x_wconf 83' lang='lat' dir='ltr'>ortus,</span> 
     </span>
     <span class='ocr_line' id='line_1_17' title="bbox 328 1374 1769 1430; baseline -0.001 -2"><span class='ocrx_word' id='word_1_110' title='bbox 328 1375 469 1428; x_wconf 89' lang='lat' dir='ltr'>Ecce</span> <span class='ocrx_word' id='word_1_111' title='bbox 510 1376 610 1429; x_wconf 91' lang='lat' dir='ltr'>sub</span> <span class='ocrx_word' id='word_1_112' title='bbox 651 1376 896 1430; x_wconf 89' lang='lat' dir='ltr'>occiduas</span> <span class='ocrx_word' id='word_1_113' title='bbox 938 1394 1126 1429; x_wconf 88' lang='lat' dir='ltr'>versae</span> <span class='ocrx_word' id='word_1_114' title='bbox 1165 1375 1274 1428; x_wconf 89' lang='lat' dir='ltr'>iam</span> <span class='ocrx_word' id='word_1_115' title='bbox 1312 1375 1489 1428; x_wconf 91' lang='lat' dir='ltr'>noctis</span> <span class='ocrx_word' id='word_1_116' title='bbox 1528 1374 1769 1427; x_wconf 87' lang='lat' dir='ltr'>habenas</span> 
     </span>
     <span class='ocr_line' id='line_1_18' title="bbox 254 1447 1954 1524; baseline -0.001 -22"><span class='ocrx_word' id='word_1_117' title='bbox 254 1448 648 1518; x_wconf 88' lang='lat' dir='ltr'>Astrorumque</span> <span class='ocrx_word' id='word_1_118' title='bbox 690 1451 893 1519; x_wconf 84' lang='lat' dir='ltr'>obitus,</span> <span class='ocrx_word' id='word_1_119' title='bbox 932 1449 1027 1502; x_wconf 88' lang='lat' dir='ltr'>ubi</span> <span class='ocrx_word' id='word_1_120' title='bbox 1066 1450 1301 1518; x_wconf 89' lang='lat' dir='ltr'>primum</span> <span class='ocrx_word' id='word_1_121' title='bbox 1340 1450 1576 1501; x_wconf 85' lang='lat' dir='ltr'>maxima</span> <span class='ocrx_word' id='word_1_122' title='bbox 1615 1447 1823 1517; x_wconf 84' lang='lat' dir='ltr'>Tethys</span> <span class='ocrx_word' id='word_1_123' title='bbox 1937 1499 1954 1524; x_wconf 28' lang='grc' dir='ltr'>,ἴ</span> 
     </span>
     <span class='ocr_line' id='line_1_19' title="bbox 254 1522 1951 1593; baseline 0.001 -18"><span class='ocrx_word' id='word_1_124' title='bbox 254 1522 483 1592; x_wconf 88' lang='lat' dir='ltr'>Impulit</span> <span class='ocrx_word' id='word_1_125' title='bbox 521 1524 638 1576; x_wconf 85' lang='lat' dir='ltr'>Eoo</span> <span class='ocrx_word' id='word_1_126' title='bbox 680 1527 1024 1577; x_wconf 89' lang='lat' dir='ltr'>cunctantem</span> <span class='ocrx_word' id='word_1_127' title='bbox 1062 1522 1377 1593; x_wconf 86' lang='lat' dir='ltr'>Hyperiona</span> <span class='ocrx_word' id='word_1_128' title='bbox 1414 1526 1604 1591; x_wconf 85' lang='lat' dir='ltr'>pontO,</span> <span class='ocrx_word' id='word_1_129' title='bbox 1885 1536 1951 1581; x_wconf 58' lang='grc' dir='ltr'>3·ῖ,</span> 
     </span>
     <span class='ocr_line' id='line_1_20' title="bbox 255 1595 1940 1666; baseline -0.001 -18"><span class='ocrx_word' id='word_1_130' title='bbox 255 1595 374 1649; x_wconf 90' lang='lat' dir='ltr'>Ima</span> <span class='ocrx_word' id='word_1_131' title='bbox 413 1597 726 1666; x_wconf 77' lang='lat' dir='ltr'>flagellatiS‚</span> <span class='ocrx_word' id='word_1_132' title='bbox 767 1598 983 1666; x_wconf 88' lang='lat' dir='ltr'>signum</span> <span class='ocrx_word' id='word_1_133' title='bbox 1022 1597 1253 1666; x_wconf 84' lang='lat' dir='ltr'>lugubre</span> <span class='ocrx_word' id='word_1_134' title='bbox 1293 1597 1580 1663; x_wconf 87' lang='lat' dir='ltr'>malorum,</span> <span class='ocrx_word' id='word_1_135' title='bbox 1936 1607 1940 1610; x_wconf 84' lang='grc'><strong>’</strong></span> 
     </span>
     <span class='ocr_line' id='line_1_21' title="bbox 255 1668 1850 1739; baseline 0 -17"><span class='ocrx_word' id='word_1_136' title='bbox 255 1669 591 1723; x_wconf 87' lang='lat' dir='ltr'>Ponderibus</span> <span class='ocrx_word' id='word_1_137' title='bbox 631 1670 927 1739; x_wconf 82' lang='lat' dir='ltr'>trepidavit</span> <span class='ocrx_word' id='word_1_138' title='bbox 966 1670 1191 1738; x_wconf 84' lang='lat' dir='ltr'>humus,</span> <span class='ocrx_word' id='word_1_139' title='bbox 1230 1672 1515 1738; x_wconf 89' lang='lat' dir='ltr'>motusque</span> <span class='ocrx_word' id='word_1_140' title='bbox 1555 1668 1850 1723; x_wconf 83' lang='lat' dir='ltr'>Cithaeron</span> 
     </span>
     <span class='ocr_line' id='line_1_22' title="bbox 255 1743 1576 1814; baseline 0 -19"><span class='ocrx_word' id='word_1_141' title='bbox 255 1743 526 1814; x_wconf 88' lang='lat' dir='ltr'>Antiquas</span> <span class='ocrx_word' id='word_1_142' title='bbox 568 1744 714 1797; x_wconf 86' lang='lat' dir='ltr'>dedit</span> <span class='ocrx_word' id='word_1_143' title='bbox 753 1744 831 1796; x_wconf 89' lang='lat' dir='ltr'>ire</span> <span class='ocrx_word' id='word_1_144' title='bbox 869 1744 1042 1814; x_wconf 81' lang='lat' dir='ltr'>nives3</span> <span class='ocrx_word' id='word_1_145' title='bbox 1083 1747 1213 1796; x_wconf 91' lang='lat' dir='ltr'>tunc</span> <span class='ocrx_word' id='word_1_146' title='bbox 1252 1744 1371 1796; x_wconf 89' lang='lat' dir='ltr'>visa</span> <span class='ocrx_word' id='word_1_147' title='bbox 1409 1743 1576 1796; x_wconf 88' lang='lat' dir='ltr'>levari</span> 
     </span>
     <span class='ocr_line' id='line_1_23' title="bbox 257 1816 1677 1888; baseline -0.001 -16"><span class='ocrx_word' id='word_1_148' title='bbox 257 1816 510 1872; x_wconf 32' lang='lat' dir='ltr'>Cuvlmina</span> <span class='ocrx_word' id='word_1_149' title='bbox 549 1821 907 1887; x_wconf 91' lang='lat' dir='ltr'>septenaeque</span> <span class='ocrx_word' id='word_1_150' title='bbox 946 1819 1075 1888; x_wconf 88' lang='lat' dir='ltr'>iugo</span> <span class='ocrx_word' id='word_1_151' title='bbox 1117 1835 1430 1870; x_wconf 88' lang='lat' dir='ltr'>concurrere</span> <span class='ocrx_word' id='word_1_152' title='bbox 1470 1820 1677 1885; x_wconf 90' lang='lat' dir='ltr'>portae.</span> 
     </span>
     <span class='ocr_line' id='line_1_24' title="bbox 255 1890 1948 1962; baseline -0.001 -16"><span class='ocrx_word' id='word_1_153' title='bbox 255 1891 331 1946; x_wconf 86' lang='lat' dir='ltr'>Et</span> <span class='ocrx_word' id='word_1_154' title='bbox 368 1911 533 1961; x_wconf 90' lang='lat' dir='ltr'>prope</span> <span class='ocrx_word' id='word_1_155' title='bbox 573 1896 700 1946; x_wconf 90' lang='lat' dir='ltr'>sunt</span> <span class='ocrx_word' id='word_1_156' title='bbox 740 1910 952 1946; x_wconf 90' lang='lat' dir='ltr'>causae:</span> <span class='ocrx_word' id='word_1_157' title='bbox 993 1892 1171 1962; x_wconf 90' lang='lat' dir='ltr'>gelido</span> <span class='ocrx_word' id='word_1_158' title='bbox 1211 1892 1489 1945; x_wconf 91' lang='lat' dir='ltr'>remeabat</span> <span class='ocrx_word' id='word_1_159' title='bbox 1529 1890 1646 1945; x_wconf 85' lang='lat' dir='ltr'>Eoo</span> <span class='ocrx_word' id='word_1_160' title='bbox 1887 1904 1948 1945; x_wconf 85' lang='lat'>40</span> 
     </span>
     <span class='ocr_line' id='line_1_25' title="bbox 255 1965 1364 2035; baseline 0 -16"><span class='ocrx_word' id='word_1_161' title='bbox 255 1965 435 2019; x_wconf 85' lang='lat' dir='ltr'>Iratus</span> <span class='ocrx_word' id='word_1_162' title='bbox 474 1967 602 2020; x_wconf 87' lang='lat' dir='ltr'>fatis</span> <span class='ocrx_word' id='word_1_163' title='bbox 643 1970 699 2019; x_wconf 93' lang='lat' dir='ltr'>et</span> <span class='ocrx_word' id='word_1_164' title='bbox 737 1967 909 2019; x_wconf 78' lang='lat' dir='ltr'>tristis</span> <span class='ocrx_word' id='word_1_165' title='bbox 950 1970 1126 2020; x_wconf 90' lang='lat' dir='ltr'>morte</span> <span class='ocrx_word' id='word_1_166' title='bbox 1165 1969 1364 2035; x_wconf 89' lang='lat' dir='ltr'>negata</span> 
     </span>
     <span class='ocr_line' id='line_1_26' title="bbox 257 2038 1858 2110; baseline -0.001 -17"><span class='ocrx_word' id='word_1_167' title='bbox 257 2040 644 2110; x_wconf 80' lang='lat' dir='ltr'>Haemonides3</span> <span class='ocrx_word' id='word_1_168' title='bbox 684 2041 909 2094; x_wconf 89' lang='lat' dir='ltr'>necdum</span> <span class='ocrx_word' id='word_1_169' title='bbox 951 2059 1047 2094; x_wconf 87' lang='lat' dir='ltr'>ora</span> <span class='ocrx_word' id='word_1_170' title='bbox 1084 2044 1299 2110; x_wconf 83' lang='lat' dir='ltr'>patent,</span> <span class='ocrx_word' id='word_1_171' title='bbox 1338 2039 1637 2109; x_wconf 88' lang='lat' dir='ltr'>dubiusque</span> <span class='ocrx_word' id='word_1_172' title='bbox 1676 2038 1858 2093; x_wconf 91' lang='lat' dir='ltr'>notari</span> 
     </span>
     <span class='ocr_line' id='line_1_27' title="bbox 260 2112 1663 2185; baseline -0.001 -19"><span class='ocrx_word' id='word_1_173' title='bbox 260 2112 429 2185; x_wconf 83' lang='lat' dir='ltr'>Signa</span> <span class='ocrx_word' id='word_1_174' title='bbox 469 2114 636 2168; x_wconf 88' lang='lat' dir='ltr'>dabat</span> <span class='ocrx_word' id='word_1_175' title='bbox 674 2133 904 2185; x_wconf 88' lang='lat' dir='ltr'>magnae</span> <span class='ocrx_word' id='word_1_176' title='bbox 943 2116 1106 2184; x_wconf 90' lang='lat' dir='ltr'>longe</span> <span class='ocrx_word' id='word_1_177' title='bbox 1147 2114 1438 2168; x_wconf 86' lang='lat' dir='ltr'>manifesta</span> <span class='ocrx_word' id='word_1_178' title='bbox 1475 2115 1663 2166; x_wconf 89' lang='lat' dir='ltr'>ruinae</span> 
     </span>
     <span class='ocr_line' id='line_1_28' title="bbox 255 2188 1946 2259; baseline -0.001 -18"><span class='ocrx_word' id='word_1_179' title='bbox 255 2188 592 2259; x_wconf 89' lang='lat' dir='ltr'>Planctuque</span> <span class='ocrx_word' id='word_1_180' title='bbox 640 2193 695 2242; x_wconf 92' lang='lat' dir='ltr'>et</span> <span class='ocrx_word' id='word_1_181' title='bbox 734 2190 964 2259; x_wconf 80' lang='lat' dir='ltr'>gemitu3</span> <span class='ocrx_word' id='word_1_182' title='bbox 1010 2189 1261 2242; x_wconf 90' lang='lat' dir='ltr'>lacrimas</span> <span class='ocrx_word' id='word_1_183' title='bbox 1293 2205 1429 2241; x_wconf 73' lang='lat' dir='ltr'>‘nam</span> <span class='ocrx_word' id='word_1_184' title='bbox 1468 2188 1718 2258; x_wconf 90' lang='lat' dir='ltr'>protinus</span> <span class='ocrx_word' id='word_1_185' title='bbox 1759 2204 1946 2240; x_wconf 88' lang='lat' dir='ltr'>omnes</span> 
     </span>
     <span class='ocr_line' id='line_1_29' title="bbox 256 2261 1946 2316; baseline 0 -2"><span class='ocrx_word' id='word_1_186' title='bbox 256 2261 510 2316; x_wconf 88' lang='lat' dir='ltr'>Fuderat.</span> <span class='ocrx_word' id='word_1_187' title='bbox 585 2263 735 2316; x_wconf 88' lang='lat' dir='ltr'>Haut</span> <span class='ocrx_word' id='word_1_188' title='bbox 777 2263 936 2316; x_wconf 89' lang='lat' dir='ltr'>aliter</span> <span class='ocrx_word' id='word_1_189' title='bbox 976 2264 1122 2316; x_wconf 89' lang='lat' dir='ltr'>saltu</span> <span class='ocrx_word' id='word_1_190' title='bbox 1159 2263 1455 2316; x_wconf 87' lang='lat' dir='ltr'>devertitur</span> <span class='ocrx_word' id='word_1_191' title='bbox 1494 2263 1658 2315; x_wconf 90' lang='lat' dir='ltr'>orbus</span> <span class='ocrx_word' id='word_1_192' title='bbox 1889 2273 1946 2315; x_wconf 84' lang='lat'>45</span> 
     </span>
     <span class='ocr_line' id='line_1_30' title="bbox 255 2336 1714 2406; baseline 0 -18"><span class='ocrx_word' id='word_1_193' title='bbox 255 2336 453 2389; x_wconf 87' lang='lat' dir='ltr'>Pastor</span> <span class='ocrx_word' id='word_1_194' title='bbox 492 2338 559 2390; x_wconf 88' lang='lat' dir='ltr'>ab</span> <span class='ocrx_word' id='word_1_195' title='bbox 602 2340 877 2406; x_wconf 77' lang='lat' dir='ltr'>agrestum</span> <span class='ocrx_word' id='word_1_196' title='bbox 916 2341 1182 2391; x_wconf 90' lang='lat' dir='ltr'>nocturna</span> <span class='ocrx_word' id='word_1_197' title='bbox 1221 2339 1402 2406; x_wconf 87' lang='lat' dir='ltr'>strage</span> <span class='ocrx_word' id='word_1_198' title='bbox 1442 2337 1714 2405; x_wconf 85' lang='lat' dir='ltr'>luporum,</span> 
     </span>
     <span class='ocr_line' id='line_1_31' title="bbox 258 2409 1505 2480; baseline 0.001 -18"><span class='ocrx_word' id='word_1_199' title='bbox 258 2409 420 2463; x_wconf 90' lang='lat' dir='ltr'>Cuius</span> <span class='ocrx_word' id='word_1_200' title='bbox 462 2411 592 2463; x_wconf 92' lang='lat' dir='ltr'>erile</span> <span class='ocrx_word' id='word_1_201' title='bbox 631 2429 793 2480; x_wconf 91' lang='lat' dir='ltr'>pecus</span> <span class='ocrx_word' id='word_1_202' title='bbox 833 2411 986 2464; x_wconf 86' lang='lat' dir='ltr'>silvis</span> <span class='ocrx_word' id='word_1_203' title='bbox 1025 2411 1278 2480; x_wconf 88' lang='lat' dir='ltr'>inopinus</span> <span class='ocrx_word' id='word_1_204' title='bbox 1319 2411 1505 2479; x_wconf 89' lang='lat' dir='ltr'>abegit</span> 
     </span>
     <span class='ocr_line' id='line_1_32' title="bbox 258 2482 1628 2538; baseline 0.001 -3"><span class='ocrx_word' id='word_1_205' title='bbox 258 2482 439 2536; x_wconf 89' lang='lat' dir='ltr'>Imber</span> <span class='ocrx_word' id='word_1_206' title='bbox 478 2488 532 2537; x_wconf 90' lang='lat' dir='ltr'>et</span> <span class='ocrx_word' id='word_1_207' title='bbox 570 2485 829 2538; x_wconf 89' lang='lat' dir='ltr'>hibernae</span> <span class='ocrx_word' id='word_1_208' title='bbox 867 2488 1092 2538; x_wconf 86' lang='lat' dir='ltr'>ventosa</span> <span class='ocrx_word' id='word_1_209' title='bbox 1131 2485 1409 2538; x_wconf 88' lang='lat' dir='ltr'>cacumina</span> <span class='ocrx_word' id='word_1_210' title='bbox 1447 2484 1628 2536; x_wconf 88' lang='lat' dir='ltr'>lunae:</span> 
     </span>
     <span class='ocr_line' id='line_1_33' title="bbox 256 2557 1700 2627; baseline 0 -17"><span class='ocrx_word' id='word_1_211' title='bbox 256 2557 400 2611; x_wconf 91' lang='lat' dir='ltr'>Luce</span> <span class='ocrx_word' id='word_1_212' title='bbox 439 2562 628 2627; x_wconf 89' lang='lat' dir='ltr'>patent</span> <span class='ocrx_word' id='word_1_213' title='bbox 667 2559 885 2627; x_wconf 79' lang='lat' dir='ltr'>caedes3</span> <span class='ocrx_word' id='word_1_214' title='bbox 927 2558 1144 2612; x_wconf 90' lang='lat' dir='ltr'>domino</span> <span class='ocrx_word' id='word_1_215' title='bbox 1185 2558 1422 2627; x_wconf 89' lang='lat' dir='ltr'>perferre</span> <span class='ocrx_word' id='word_1_216' title='bbox 1461 2562 1700 2611; x_wconf 88' lang='lat' dir='ltr'>recentes</span> 
     </span>
     <span class='ocr_line' id='line_1_34' title="bbox 256 2631 1948 2702; baseline 0 -18"><span class='ocrx_word' id='word_1_217' title='bbox 256 2631 379 2702; x_wconf 89' lang='lat' dir='ltr'>Ipse</span> <span class='ocrx_word' id='word_1_218' title='bbox 418 2633 578 2686; x_wconf 82' lang='lat' dir='ltr'>timet</span> <span class='ocrx_word' id='word_1_219' title='bbox 616 2652 794 2702; x_wconf 80' lang='lat' dir='ltr'>casuS‚</span> <span class='ocrx_word' id='word_1_220' title='bbox 833 2632 1133 2702; x_wconf 88' lang='lat' dir='ltr'>haustaque</span> <span class='ocrx_word' id='word_1_221' title='bbox 1173 2632 1422 2686; x_wconf 85' lang='lat' dir='ltr'>informis</span> <span class='ocrx_word' id='word_1_222' title='bbox 1462 2631 1667 2684; x_wconf 90' lang='lat' dir='ltr'>harena</span> <span class='ocrx_word' id='word_1_223' title='bbox 1890 2642 1948 2684; x_wconf 83' lang='lat'>50</span> 
     </span>
    </p>
   </div>
   <div class='ocr_carea' id='block_1_3' title="bbox 1909 0 1976 2019">
    <p class='ocr_par' dir='ltr' id='par_1_3' title="bbox 1909 0 1976 2019">
     <span class='ocr_line' id='line_1_35' title="bbox 1909 0 1976 2019; baseline 0 0"><span class='ocrx_word' id='word_1_224' title='bbox 1909 0 1976 2019; x_wconf 95' lang='lat' dir='ltr'> </span> 
     </span>
    </p>
   </div>
   <div class='ocr_carea' id='block_1_4' title="bbox 255 2753 612 2758">
    <p class='ocr_par' dir='ltr' id='par_1_4' title="bbox 255 2753 612 2758">
     <span class='ocr_line' id='line_1_36' title="bbox 255 2753 612 2758; baseline 0 0"><span class='ocrx_word' id='word_1_225' title='bbox 255 2753 612 2758; x_wconf 95' lang='lat' dir='ltr'> </span> 
     </span>
    </p>
   </div>
   <div class='ocr_carea' id='block_1_5' title="bbox 258 2802 1948 2925">
    <p class='ocr_par' dir='ltr' id='par_1_5' title="bbox 258 2802 1948 2925">
     <span class='ocr_line' id='line_1_37' title="bbox 376 2802 1947 2866; baseline -0.003 -15"><span class='ocrx_word' id='word_1_226' title='bbox 376 2812 433 2851; x_wconf 82' lang='lat'>24</span> <span class='ocrx_word' id='word_1_227' title='bbox 467 2808 566 2866; x_wconf 84' lang='lat' dir='ltr'>sed]</span> <span class='ocrx_word' id='word_1_228' title='bbox 602 2821 739 2864; x_wconf 90' lang='lat' dir='ltr'>quem</span> <span class='ocrx_word' id='word_1_229' title='bbox 770 2808 1079 2853; x_wconf 76' lang='lat' dir='ltr'>Baehrensius</span> <span class='ocrx_word' id='word_1_230' title='bbox 1101 2809 1116 2865; x_wconf 80' lang='grc' dir='ltr'>ΙΙ</span> <span class='ocrx_word' id='word_1_231' title='bbox 1141 2812 1197 2852; x_wconf 91' lang='grc'>34</span> <span class='ocrx_word' id='word_1_232' title='bbox 1228 2807 1386 2864; x_wconf 85' lang='lat' dir='ltr'>thetys</span> <span class='ocrx_word' id='word_1_233' title='bbox 1417 2812 1449 2849; x_wconf 88' lang='lat' dir='ltr'>P</span> <span class='ocrx_word' id='word_1_234' title='bbox 1481 2809 1496 2864; x_wconf 81' lang='grc' dir='ltr'>ΙΙ</span> <span class='ocrx_word' id='word_1_235' title='bbox 1528 2810 1583 2850; x_wconf 84' lang='grc'>35</span> <span class='ocrx_word' id='word_1_236' title='bbox 1616 2805 1852 2862; x_wconf 85' lang='lat' dir='ltr'>Yperiona</span> <span class='ocrx_word' id='word_1_237' title='bbox 1878 2810 1910 2847; x_wconf 85' lang='lat' dir='ltr'>P</span> <span class='ocrx_word' id='word_1_238' title='bbox 1930 2802 1947 2863; x_wconf 81' lang='grc' dir='ltr'>Η</span> 
     </span>
     <span class='ocr_line' id='line_1_38' title="bbox 258 2864 1948 2925; baseline -0.002 -14"><span class='ocrx_word' id='word_1_239' title='bbox 258 2872 314 2911; x_wconf 86' lang='grc'>39</span> <span class='ocrx_word' id='word_1_240' title='bbox 348 2880 626 2923; x_wconf 87' lang='lat' dir='ltr'>consurgere</span> <span class='ocrx_word' id='word_1_241' title='bbox 659 2868 941 2912; x_wconf 71' lang='lat' dir='ltr'>Schraderus</span> <span class='ocrx_word' id='word_1_242' title='bbox 963 2869 979 2925; x_wconf 79' lang='lat' dir='ltr'>ss</span> <span class='ocrx_word' id='word_1_243' title='bbox 1002 2871 1057 2910; x_wconf 89' lang='lat'>41</span> <span class='ocrx_word' id='word_1_244' title='bbox 1090 2881 1266 2912; x_wconf 77' lang='lat' dir='ltr'>versum</span> <span class='ocrx_word' id='word_1_245' title='bbox 1297 2881 1379 2912; x_wconf 86' lang='lat' dir='ltr'>om.</span> <span class='ocrx_word' id='word_1_246' title='bbox 1417 2866 1560 2923; x_wconf 77' lang='lat' dir='ltr'>Pray.</span> <span class='ocrx_word' id='word_1_247' title='bbox 1593 2870 1625 2912; x_wconf 77' lang='lat'><em>2</em></span> <span class='ocrx_word' id='word_1_248' title='bbox 1650 2867 1665 2922; x_wconf 79' lang='grc' dir='ltr'>ΙΙ</span> <span class='ocrx_word' id='word_1_249' title='bbox 1688 2870 1744 2910; x_wconf 87' lang='grc'>48</span> <span class='ocrx_word' id='word_1_250' title='bbox 1776 2864 1883 2908; x_wconf 87' lang='lat' dir='ltr'>luae</span> <span class='ocrx_word' id='word_1_251' title='bbox 1912 2867 1948 2908; x_wconf 71' lang='grc' dir='ltr'><strong>Ρ</strong></span> 
     </span>
    </p>
   </div>
  </div>
 </body>
</html>
