1976 3094
198 115 306 168 154
777 113 824 158 P.
858 112 1084 157 PAPINII
1116 111 1309 157 sTATn

74 247 170 291 270
200 237 414 290 Primus
457 235 800 290 anhelantem
841 234 972 287 duro
1013 233 1332 304 Tirynthius
1373 251 1575 304 angens
1922 268 1935 301 ,2

196 311 440 364 Pectoris
481 309 670 362 attritu
710 327 808 362 sua
844 308 1049 377 frangit
1086 309 1144 361 in
1183 326 1307 362 ossa
1344 308 1571 362 leonem.
1928 331 1933 358 2

196 385 347 438 Haut
386 385 541 437 illum
579 383 860 453 impavidi,
901 382 1144 452 quamvis
1177 385 1232 436 et
1261 382 1319 436 in
1350 400 1471 436 aere
1503 400 1761 453 suumque
1793 394 1880 436 250

196 458 484 512 Inachidae
522 457 700 511 videre
740 457 914 511 decus
990 456 1153 510 Pater
1193 456 1379 510 ordine
1417 456 1600 510 iuncto

196 532 405 586 Laevus
444 532 811 586 harundineae
850 531 1114 585 recubans
1155 549 1318 601 super
1355 547 1552 601 aggere
1590 529 1741 600 ripae

75 616 171 662 275
202 605 453 661 Cernitur
493 608 824 676 emissaeque
863 606 1149 676 indulgens
1187 605 1418 659 Inachus
1456 623 1639 659 urnae.

198 681 258 734 Io
297 684 424 750 post
463 684 703 751 tergum,
743 681 854 733 iam
892 698 1069 749 prona
1108 680 1366 749 dolorque
1405 680 1669 749 parentis,

201 754 422 824 Spectat
460 755 754 808 inocciduis
795 755 1070 807 stellatum
1109 754 1315 807 visibus
1356 753 1581 822 Argum.
1797 764 1883 806 255
1941 817 1943 824 Α

198 828 303 882 Ast
342 829 493 882 illam
532 829 722 882 melior
761 828 974 881 Phariis
1014 830 1257 881 erexerat
1295 827 1439 882 arvis

197 902 443 972 Iuppiter
483 906 641 972 atque
680 903 879 973 hospes
917 902 1029 955 iam
1067 905 1196 956 tunc
1234 901 1450 955 Aurora
1487 901 1714 955 colebat.

75 986 172 1030 280
202 976 465 1031 Tantalus
505 977 628 1030 inde
668 995 884 1046 parens,
921 995 1032 1029 non
1072 977 1165 1046 qui
1202 975 1518 1030 fallentibus
1558 975 1714 1028 undis
1931 1002 1946 1044 ἶ

199 1050 453 1103 Imminet
493 1054 586 1105 aut
623 1052 813 1121 refuga
853 1051 1095 1103 sterilem
1132 1050 1277 1117 rapit
1317 1068 1442 1103 aera
1481 1049 1640 1118 silva,
1934 1059 1938 1094 Γ

200 1123 305 1178 Sed
343 1126 465 1194 pius
507 1128 561 1178 et
601 1125 786 1195 magni
823 1125 1040 1178 vehitur
1079 1124 1303 1178 conviva
1340 1123 1619 1178 Tonantis
1799 1136 1884 1177 260
1931 1123 1946 1179 ἒ

198 1198 362 1252 Parte
403 1199 512 1252 alia
550 1199 725 1253 victor
763 1218 921 1252 curru
958 1197 1235 1268 Neptunia
1272 1198 1450 1251 tendit

199 1271 342 1326 Lora
379 1272 599 1342 PelopS‚
640 1276 966 1343 prensatque
1005 1276 1157 1327 rotas
1198 1272 1389 1344 auriga
1425 1274 1676 1325 natantes

77 1355 172 1400 285
201 1345 458 1417 Myrtilos
498 1350 552 1400 et
590 1348 796 1401 volucri
834 1348 945 1400 iam
983 1347 1196 1416 iamque
1235 1347 1557 1417 relinquitur
1597 1364 1708 1399 axe.

199 1420 274 1474 Et
313 1421 495 1490 gravis
535 1421 779 1476 Acrisius
821 1422 1133 1491 speciesque
1170 1420 1440 1475 horrenda
1478 1418 1710 1474 Coroebi

199 1493 274 1547 Et
311 1494 500 1549 Danae
539 1497 758 1565 culpata
797 1496 943 1549 sinus
954 1537 968 1566 ,
1009 1503 1063 1549 et
1101 1496 1159 1548 in
1198 1514 1354 1549 amne
1391 1497 1604 1564 reperto
1801 1505 1886 1548 265

200 1567 397 1622 Tristis
437 1570 767 1639 Amymone,
806 1588 1080 1639 parvoque
1123 1569 1381 1623 Alcmena
1419 1568 1666 1638 superbit

199 1641 456 1712 Hercule,
493 1645 798 1714 tergemina
836 1644 1037 1696 crinem
1077 1643 1406 1697 circumdata
1444 1644 1588 1696 luna.

77 1724 174 1769 290
202 1715 442 1787 Iungunt
481 1717 752 1771 discordes
791 1717 1013 1770 inimica
1051 1718 1108 1771 in
1143 1717 1361 1771 foedera
1401 1718 1615 1770 dextras

198 1789 419 1844 Belidae
458 1791 679 1861 fratres3
719 1792 812 1845 sed
850 1792 1004 1845 vultu
1043 1792 1227 1845 mitior
1266 1794 1412 1845 astat

199 1864 510 1935 Aegyptus„
548 1863 726 1919 Danai
766 1865 1116 1919 manifestum
1156 1882 1447 1936 agnoscere
1486 1866 1610 1919 ficto
1800 1879 1887 1921 270
1952 1871 1959 1874 '⁴

199 1938 305 1992 Ore
343 1942 499 1993 notas
538 1940 794 2009 pacisque
835 1941 1011 1993 malae
1048 1941 1331 2010 noctisque
1368 1940 1598 1995 futurae.

200 2011 355 2066 Mille
396 2013 587 2067 dehinc
626 2015 846 2084 species.
922 2014 1162 2067 Tandem
1202 2015 1403 2068 satiata
1441 2015 1693 2084 voluptas

76 2097 173 2141 295
201 2085 652 2158 Praestantesque
691 2089 836 2143 viros
876 2091 1036 2142 vocat
1075 2088 1144 2142 ad
1184 2107 1282 2142 sua
1317 2089 1561 2159 praemia
1598 2089 1784 2143 virtus
1955 2127 1961 2152 -z

273 2161 488 2215 Primus
520 2163 684 2216 sudor
716 2163 884 2233 equis.
944 2161 1048 2216 Dic
1079 2163 1292 2234 inclita,
1333 2163 1574 2234 Phoebe,
1605 2166 1888 2234 regentum

201 2233 455 2306 Nomina,
487 2237 572 2290 dic
603 2237 774 2306 ipsos3
805 2255 978 2306 neque
1012 2237 1158 2290 enim
1183 2238 1497 2307 generosior
1520 2256 1779 2308 umquam
1802 2249 1888 2291 275

199 2307 488 2378 Alipedum
529 2312 742 2364 conlata
781 2312 920 2364 acies
929 2352 944 2381 ,
984 2329 1080 2364 ceu
1117 2314 1374 2382 praepete
1413 2331 1574 2366 cursu

201 2379 513 2452 Confligant
551 2387 737 2438 tensae
775 2385 1020 2438 volucres
1061 2387 1156 2438 aut
1195 2385 1359 2440 litore
1397 2387 1453 2438 in
1491 2404 1599 2439 uno

319 2547 404 2588 252
422 2543 651 2587 recubans
672 2549 704 2586 P
716 2543 821 2587 s¹b¹
833 2545 927 2589 r¹7t
945 2546 1083 2603 Pray.
1101 2549 1134 2592 2
1149 2546 1471 2603 recubansque
1486 2546 1703 2590 13028211
1721 2547 1726 2606 l
1752 2560 1890 2604 super

201 2615 374 2660 aggere
390 2605 623 2646 Parnm
649 2603 735 2648 sub
754 2616 927 2660 aggere
950 2605 1142 2649 BG²SM
1163 2607 1179 2663 ΙΙ
1202 2611 1288 2651 256
1313 2607 1534 2650 euexerat
1554 2608 1623 2652 vel
1646 2607 1890 2651 derexerat

199 2662 509 2707 Baehrensius
531 2663 547 2719 ΙΙ
571 2667 655 2707 259
695 2662 861 2720 refuga
890 2668 922 2706 P
961 2663 1152 2722 refugae
1186 2666 1318 2710 ceteri
1345 2667 1352 2722 Ι
1379 2664 1526 2710 silvae
1557 2666 1683 2711 codd.
1723 2665 1890 2723 refuga

201 2720 322 2766 silva
345 2735 458 2767 corr.
484 2722 792 2768 Baehffemius
815 2724 830 2780 ΙΙ
854 2727 939 2768 270
970 2724 1065 2768 iam
1095 2724 1167 2768 fas
1200 2726 1275 2781 (=
1299 2723 1429 2779 licet)
1460 2726 1562 2768 tum
1593 2718 1707 2770 effi.
1741 2726 1859 2771 idem
1873 2724 1889 2783 Η

201 2785 286 2825 271
311 2781 450 2826 notas
474 2786 506 2824 P
536 2781 668 2826 nefas
701 2784 835 2828 ceteri
864 2784 960 2828 edd.
986 2785 1002 2841 ΙΙ
1025 2789 1109 2828 273
1134 2784 1274 2828 vocat
1297 2797 1379 2829 om.
1403 2788 1437 2826 P
1459 2785 1476 2840 ΙΙ
1498 2788 1586 2828 274
1616 2782 1783 2828 inclita
1809 2788 1889 2828 PB

201 2837 363 2884 inclite
394 2841 584 2884 BG2SM
606 2843 622 2898 ΙΙ
645 2847 731 2888 277
762 2843 924 2887 tensae
956 2847 989 2884 P
1020 2842 1193 2887 densae
1225 2844 1359 2889 ceteri
1384 2844 1391 2900 1
1417 2856 1538 2888 unco
1571 2844 1808 2890 Memsius
