1976 3094
134 1055 139 1060 .
224 1002 498 1057 Sufficiam
539 1002 797 1074 (referent
837 1005 1018 1074 superi
1056 1006 1370 1074 vestraeque
1411 1005 1636 1058 subacto
1825 1015 1912 1058 380

220 146 326 199 192
794 145 843 191 Ρ.
874 145 1102 199 PAPINII
1133 144 1327 190 STATII

218 266 342 320 Non
381 284 481 337 ego
523 266 881 335 AbantiadaS,
920 284 1030 319 non
1068 269 1152 335 te,
1190 283 1385 319 saxosa
1425 263 1675 334 Caryste,
1819 278 1904 320 370

226 340 349 395 Non
387 340 618 393 humiles
657 339 838 408 Aegas
880 340 1156 409 altumque
1196 337 1472 408 Capherea
1512 338 1638 403 dixi.

220 414 296 468 Et
334 415 444 467 iam
485 413 625 467 acies
666 413 862 466 obtusa
901 417 1087 483 negat,
1127 413 1411 484 cunctique
1449 413 1735 481 resistunt,

219 488 294 541 Et
332 491 458 540 tuus
500 487 722 540 armatis
761 487 913 540 iubet
952 505 1072 540 ecce
1111 486 1329 540 silentia
1365 486 1569 541 frater?

295 561 403 614 Vix
436 579 498 613 ea
529 564 676 614 turre
709 579 892 630 senex,
925 579 1046 614 cum
1077 563 1257 614 rector
1286 561 1355 615 ab
1390 578 1588 632 aggere
1621 559 1822 629 coepit:
1917 592 1919 594 -

222 634 575 704 ‘Magnanimi
613 652 790 705 regeS,
831 635 1026 704 quibus
1064 634 1199 688 haut
1234 653 1427 704 parere
1465 652 1706 688 recusem
1820 644 1906 688 375

220 709 430 762 Ductor
470 711 524 761 et
560 709 678 777 ipse
717 727 864 761 meas
904 709 1059 761 miles
1100 708 1382 762 defendere
1419 708 1656 773 ThebaS,

219 782 347 837 Non
386 798 487 851 ego
527 801 622 836 vos
663 783 944 836 stimulare
982 800 1171 851 parem
1211 780 1364 854 (nam
1401 782 1538 835 liber
1575 783 1633 834 in
1672 799 1822 834 arma

222 855 465 925 Impetus
474 899 487 925 ,
529 859 584 909 et
623 857 843 910 meritas
882 857 1029 910 ultro
1069 856 1290 910 iurastis
1329 857 1388 909 in
1425 855 1583 925 iras),

221 928 336 983 Nec
375 930 597 983 laudare
638 931 770 984 satis
812 930 1111 1000 dignasque
1149 930 1445 1001 rependere
1485 931 1666 1001 grates

221 1077 395 1131 Hoste
434 1078 674 1148 manus):
713 1078 903 1131 urbem
943 1079 1090 1132 socia
1128 1078 1194 1131 de
1233 1082 1393 1149 gente
1433 1078 1655 1132 subistis

225 1151 439 1221 Tutari‚
480 1170 642 1221 quam
680 1170 791 1205 non
830 1152 952 1205 aliis
991 1152 1285 1222 populator
1324 1153 1391 1206 ab
1433 1152 1542 1206 oris

223 1224 461 1294 Belliger
502 1229 788 1279 externave
829 1229 978 1279 satus
1016 1226 1234 1294 tellure,
1274 1226 1368 1279 sed
1403 1225 1578 1280 hostis

223 1298 484 1370 Indigena
525 1299 788 1365 adsultat,
829 1300 913 1353 cui
952 1302 1135 1353 castra
1174 1299 1398 1354 adversa
1435 1299 1648 1370 regenti
1931 1338 1949 1371 ᾖ

223 1372 329 1426 Hic
359 1376 537 1443 pater,
568 1372 658 1426 hic
690 1373 959 1443 genetrix,
989 1373 1079 1427 hic
1108 1374 1324 1428 iunctae
1357 1373 1525 1443 stirpe
1559 1391 1795 1442 sororeS,
1826 1385 1911 1427 385
1945 1374 1958 1445 ’Δ

224 1445 330 1499 Hic
370 1450 487 1500 erat
527 1450 581 1500 et
617 1447 801 1501 frater.
879 1445 1052 1502 Cerne
1090 1466 1157 1501 en
1194 1449 1519 1517 ubicumque
1558 1447 1823 1501 nefandus
1928 1451 1931 1453 ’

224 1519 512 1573 Excidium
551 1522 758 1574 moliris
798 1521 937 1575 avis:
975 1540 1167 1575 venere
1206 1523 1448 1576 volentes

225 1594 436 1650 Aoniae
474 1595 684 1664 populi,
722 1613 822 1648 nec
862 1614 979 1658 sum
1019 1596 1143 1665 tibi,
1184 1614 1364 1665 saeve,
1402 1596 1638 1650 relictus

227 1667 369 1730 Quid
411 1668 538 1720 velit
574 1669 681 1722 ista
720 1669 935 1737 cohow,
976 1673 1031 1722 et
1067 1672 1123 1722 te
1163 1670 1363 1723 sentire
1404 1669 1652 1723 decebat:

226 1740 470 1802 Reddere
509 1759 676 1811 regna
713 1741 935 1795 vetant?
1013 1740 1100 1796 Sic
1138 1743 1284 1796 fatus
1293 1785 1309 1812 ,
1349 1746 1402 1796 et
1443 1743 1624 1797 omnia
1660 1743 1763 1796 rite
1830 1755 1916 1798 390

226 1814 506 1884 Disponit,
547 1817 639 1884 qui
678 1815 823 1868 bella
862 1819 1077 1886 gerant,
1116 1818 1207 1886 qui
1245 1817 1459 1870 moenia
1499 1820 1737 1885 servent,

231 1887 375 1950 Quas
415 1889 473 1941 in
510 1888 690 1942 fronte
729 1907 919 1942 manus
929 1931 944 1958 ‚
982 1890 1160 1944 medio
1201 1908 1335 1960 quas
1373 1891 1568 1944 robore
1608 1891 1782 1944 sistat.

227 1962 546 2031 Perspicuas
589 1963 665 2015 sic
704 1964 822 2016 luce
862 1962 1004 2016 fores
1045 1966 1100 2017 et
1137 1964 1324 2035 virgea
1360 1967 1550 2035 pastor

227 2033 482 2089 Claustra
520 2036 686 2106 levat,
727 2037 855 2090 dum
893 2039 1042 2091 terra
1079 2056 1286 2108 recens;
1326 2039 1479 2092 iubet
1518 2038 1704 2092 ordine
1740 2038 1941 2109 primo

226 2109 313 2162 Ire
354 2109 512 2163 duces
525 2152 539 2178 ‚
579 2111 756 2164 media
795 2111 1069 2181 stipantur
1106 2112 1266 2181 plebe
1306 2113 1562 2182 maritae3
1830 2124 1965 2183 3952„

226 2183 351 2252 Ipse
392 2184 540 2237 levat
578 2185 831 2255 gravidas
873 2188 927 2238 et
965 2185 1190 2239 humum
1228 2189 1468 2241 tractura
1505 2190 1791 2256 parentum
1935 2195 1940 2198 ’

229 2256 436 2327 Ubera,
476 2258 860 2329 suceiduasque
901 2263 1156 2328 apportat
1192 2261 1456 2314 matribus
1497 2278 1680 2331 agnas.

305 2330 521 2384 Interea
562 2331 738 2387 Danai
775 2335 1096 2403 noctemque
1137 2334 1383 2404 diemque
1424 2335 1523 2388 sub
1565 2335 1754 2405 armis,
1903 2397 1905 2399 ,

230 2403 463 2458 Noctem
502 2405 700 2460 iterum
739 2425 1031 2476 rursusque
1071 2407 1213 2461 diem
1252 2406 1356 2480 (sic
1395 2409 1479 2462 ira
1515 2407 1748 2480 ferebat)
1801 2477 1806 2482 1

349 2555 450 2594 370.
486 2549 613 2594 ‘Non
644 2563 732 2608 ego
764 2550 1078 2597 Abantiadas’
1115 2553 1290 2599 schol.
1314 2553 1459 2600 Theb.
1484 2553 1551 2598 IX
1575 2558 1660 2599 758
1685 2568 1732 2611 p.
1757 2558 1841 2599 332
1864 2551 1912 2613 Ia,

345 2691 432 2732 372
462 2685 690 2741 cuneique
707 2684 931 2730 Heinsius
953 2687 969 2742 ΙΙ
993 2691 1080 2730 374
1095 2687 1250 2731 rector
1265 2691 1423 2730 PGH.
1441 2686 1607 2731 ductor
1623 2686 1679 2730 (Ρ
1690 2691 1771 2730 ΒΜ
1791 2687 1807 2743 ΙΙ
1830 2689 1914 2734 390

233 2743 308 2789 Sic
339 2745 488 2802 fatur,
530 2746 578 2789 et
608 2745 855 2799 Barthius,
886 2746 962 2790 sed
993 2745 1050 2800 cf.
1085 2745 1138 2789 X
1165 2750 1260 2792 271
1295 2746 1413 2790 XII
1436 2750 1527 2794 773
1539 2746 1668 2805 Very.
1701 2745 1815 2792 Aen.
1848 2742 1918 2789 H

232 2807 335 2848 391.
349 2807 438 2849 544
461 2806 476 2862 ΙΙ
500 2809 585 2850 392
604 2816 794 2861 corpore
807 2803 1032 2850 Bamthius
1054 2806 1071 2861 ΙΙ
1094 2810 1178 2849 393
1195 2804 1450 2863 Perspicua
1461 2805 1770 2851 Baehrensius
1790 2806 1807 2861 ΙΙ
1829 2805 1915 2849 394

231 2861 382 2917 primo
399 2868 483 2906 PH
497 2862 673 2920 primos
689 2863 908 2923 31111396
925 2862 1109 2908 validas
1126 2869 1159 2906 1²
1179 2863 1184 2923 Ι
1205 2865 1412 2909 tractura
1426 2868 1552 2908 PBH
1565 2865 1754 2910 tactura
1769 2862 1914 2911 <³²³1
