1976 3126
173 163 281 216 276
742 160 791 205 P.
823 159 1053 206 PAPmn
1083 158 1278 205 sTATu

172 284 476 338 Sternendi:
515 283 723 335 bellum
759 281 922 350 iacet,
961 283 1017 333 et
1055 278 1263 334 saevire
1301 283 1560 349 potestas.

169 357 344 428 Ecqui
384 358 634 424 aderunt,
673 373 809 425 quos
848 355 1060 424 ingenti
1099 372 1156 407 se
1197 354 1444 408 attollere
1481 355 1629 408 fama
1772 369 1858 409 215

167 431 295 486 Non
333 432 542 501 pigeat,
581 430 708 482 dum
747 429 862 482 fata
900 428 1122 481 sinunt?
1160 428 1358 481 iterum
1397 447 1518 482 ecce
1555 429 1821 499 benignae

167 505 360 559 Noctis
395 523 542 573 aves3
585 521 806 573 sequor,
846 507 901 555 et
932 503 1192 555 comitum
1223 502 1352 556 licet
1382 503 1606 572 agmina
1636 507 1860 573 cessent,

170 579 328 634 Solus
370 579 458 632 eo!
499 582 660 647 atque
703 577 836 631 adeo
877 577 1027 629 venit
1065 576 1159 629 ille
1198 579 1252 629 et
1291 580 1511 646 quassat
1547 577 1823 631 habenas.'

245 653 404 707 Talia
440 653 744 706 vociferans
783 654 999 705 noctem
1040 650 1386 720 exturbabat,
1426 669 1654 721 eumque

165 726 294 781 Non
328 745 483 781 secus
516 726 727 780 accensi
758 743 1024 794 procereS,
1058 743 1220 794 quam
1254 725 1301 778 si
1326 725 1576 778 omnibus
1601 726 1742 778 idem
1776 739 1860 779 220

169 801 343 855 Corde
383 801 535 870 deus,
575 801 812 869 flagrant
852 799 1103 853 comitari
1141 802 1197 851 et
1234 799 1457 868 iungere
1497 817 1669 853 casus·

171 876 277 928 Ter
316 876 484 929 denos
522 892 771 943 numero,
808 876 1111 926 turmarum
1148 873 1367 941 robora,
1405 873 1584 927 iussus

173 948 299 1018 Ipse
336 950 494 1020 legit,
535 949 676 1003 circa
712 948 897 1001 fremit
935 948 1220 1018 indignata
1258 948 1510 1002 iuventus

180 1022 396 1093 Cetera,
437 1042 531 1077 cur
569 1026 827 1075 maneant
863 1022 1057 1076 castris
1096 1021 1399 1092 ignavaque
1439 1025 1656 1075 servent

172 1097 321 1150 Otia:
361 1116 489 1166 pars
530 1097 758 1150 sublime
799 1115 997 1168 genus,
1034 1114 1162 1165 pars
1201 1097 1348 1150 facta
1387 1115 1627 1166 suorum,
1778 1109 1863 1149 225

166 1171 301 1224 Pars
337 1191 455 1238 sua,
488 1174 690 1225 sortem
723 1172 815 1224 alii
843 1172 1100 1239 clamant,
1133 1173 1336 1224 sortem
1358 1171 1595 1240 undique
1618 1174 1865 1240 poscunt.
1943 1176 1948 1179 ’

170 1245 385 1298 Gaudet
423 1247 481 1298 in
520 1245 760 1298 adversis
802 1245 1088 1313 animoque
1128 1244 1373 1315 adsurgit
1410 1244 1693 1299 Adrastus,

166 1319 384 1373 Vertice
427 1321 504 1373 sic
543 1319 779 1373 Pholoes
818 1320 1097 1385 volucrum
1139 1320 1380 1374 nutritor
1418 1338 1704 1390 equorum,

170 1393 308 1447 Cum
347 1394 528 1447 fetura
567 1410 791 1464 gregem
828 1411 1086 1463 pecoroso
1127 1411 1252 1446 vere
1289 1394 1538 1463 novavit,

172 1467 433 1521 Laetatur
471 1486 696 1522 cernens
734 1467 835 1520 hos
875 1467 1076 1520 montis
1114 1467 1171 1520 in
1210 1468 1377 1520 ardua
1413 1467 1538 1538 niti,
1775 1481 1862 1520 230

170 1541 287 1595 Hos
326 1543 517 1596 innare
556 1542 732 1611 vadiS,
771 1544 977 1594 certare
1014 1542 1332 1610 parentibus
1371 1542 1521 1611 illos3
1841 1576 1847 1579 s

168 1616 318 1668 Tunc
356 1632 531 1670 vacuo
568 1617 668 1669 sub
708 1615 868 1669 corde
908 1618 1117 1685 movet,
1157 1616 1250 1684 qui
1288 1616 1455 1669 molle
1494 1616 1748 1669 domandi
1943 1670 1956 1681 N

167 1689 331 1742 Ferre
370 1690 580 1760 iugum,
621 1690 714 1758 qui
752 1692 909 1758 terga
946 1689 1100 1758 boni,
1152 1689 1270 1759 quis
1310 1691 1370 1742 in
1409 1709 1562 1743 arma
1600 1690 1867 1758 tubasque
1950 1722 1955 1748 s

172 1763 374 1829 Natus,
415 1765 482 1817 ad
512 1763 677 1816 Eleas
719 1763 912 1816 melior
951 1763 1071 1831 quis
1112 1781 1332 1833 surgere
1369 1764 1601 1833 palmas:
1946 1758 1955 1826 ’1

176 1837 327 1890 Talis
369 1841 486 1890 erat
524 1842 737 1890 turmae
777 1837 968 1890 ductor
1008 1838 1306 1907 longaevus
1346 1839 1599 1892 Achivae.
1781 1850 1866 1890 235
1950 1843 1955 1907 f'

172 1910 287 1964 Nec
330 1912 480 1964 deest
519 1912 748 1980 coeptis:
790 1910 969 1964 ‘Unde
1008 1911 1142 1964 haec
1180 1914 1295 1964 tam
1335 1930 1457 1965 sera
1494 1915 1711 1981 repente

170 1983 446 2038 Numina?
490 1985 582 2054 qui
620 1985 825 2038 fractos
866 1985 1046 2054 superi
1082 1986 1320 2039 rediistis
1362 1986 1428 2039 ad
1468 1986 1685 2056 Argos?

180 2058 354 2112 Estne
393 2059 483 2112 hic
521 2059 711 2112 infelix
749 2059 962 2112 virtus?
1004 2060 1257 2130 gentique
1299 2064 1570 2129 superstes
1912 2118 1936 2131 ἢ,

181 2131 441 2203 SanguiS,
481 2136 535 2185 et
574 2134 630 2185 in
669 2133 880 2186 miseris
924 2135 1228 2187 animorum
1268 2135 1476 2187 semina
1514 2134 1746 2188 durant?
1908 2131 1937 2191 ‚i

179 2206 365 2260 Laudo
393 2207 654 2277 equidem,
682 2208 887 2277 egregii
910 2208 1146 2277 iuvenest,
1172 2208 1504 2278 pulchraque
1522 2227 1765 2261 meorum
1783 2221 1867 2261 240

184 2278 457 2335 Seditione
496 2281 670 2350 fruor,
711 2282 806 2334 sed
842 2281 1087 2334 fraudem
1127 2286 1182 2335 et
1222 2285 1410 2351 operta
1449 2301 1700 2352 paramus

180 2354 418 2424 Proelia,
459 2356 666 2408 celandi
705 2358 906 2408 motus:
945 2374 1240 2425 numquam
1280 2360 1409 2426 apta
1447 2357 1640 2410 latenti

184 2427 369 2481 Turba
410 2429 549 2481 dolo,
627 2427 850 2483 Servate
891 2429 1102 2483 animos
1112 2472 1126 2499 ,
1164 2431 1313 2483 venit
1349 2431 1495 2484 ultor
1532 2431 1591 2484 in
1628 2431 1812 2484 hostes

293 2591 379 2631 215
422 2586 616 2631 aderum
654 2592 687 2630 P
716 2590 732 2645 11
764 2592 850 2632 218
892 2590 1034 2644 atque
1076 2589 1195 2634 adeo
1235 2594 1472 2645 PBpoGR
1503 2590 1633 2635 G'olb.¹
1661 2591 1803 2649 Pray.
1836 2594 1867 2635 2

184 2646 325 2702 atque
356 2645 478 2702 ideo,
512 2648 571 2692 al
603 2661 662 2692 m.
693 2661 923 2704 suprascr.
955 2648 1126 2693 iterum
1158 2649 1215 2693 G²
1246 2649 1372 2693 solus
1398 2653 1533 2704 Sbgr
1557 2650 1687 2695 Leid.
1713 2651 1838 2695 Dan.
1855 2648 1869 2706 11

185 2710 271 2749 219
305 2719 501 2762 eumque
532 2711 565 2749 P
605 2707 809 2762 euntque
842 2709 1012 2765 ceteri!
998 2710 1061 2811 ib?
1068 2714 1121 2752 21
1156 2708 1269 2752 deus
1299 2708 1427 2752 idem
1457 2709 1662 2766 flagrant
1690 2714 1723 2752 P
1745 2710 1761 2766 11
1784 2712 1867 2752 229

189 2763 305 2808 Cum
326 2769 359 2807 P
393 2764 477 2809 Cui
500 2765 653 2809 Bam
685 2765 774 2819 Qui
798 2768 968 2824 011236
1047 2781 1098 2812 00
1131 2768 1294 2812 deerat
1314 2768 1427 2813 Βοὴ.
1452 2768 1676 2813 Heinsius
1699 2782 1722 2813 e
1743 2767 1867 2813 codd.

193 2823 409 2870 Weberus
438 2823 544 2868 Neu
575 2824 762 2870 deesset
784 2768 1064 2872 Ησῖιῑναάεναε
1093 2825 1192 2872 Nec
1217 2827 1370 2872 deses:
1404 2827 1583 2884 coeptis
1606 2827 1730 2871 unde
1753 2827 1868 2871 haec

177 2881 235 2926 R.
277 2883 482 2941 Unyerus
504 2886 519 2941 11
543 2889 630 2930 240
661 2884 858 2942 pulchra
886 2890 919 2928 P
