1976 3126
713 170 1055 217 THEBAIDOS
1086 170 1196 218 LlB.
1228 170 1308 219 xl.
1747 171 1854 226 307

167 293 396 364 Accipe,
436 293 793 364 secedantque
831 294 965 365 poli:
1006 297 1117 348 stat
1155 310 1374 363 parcere
1413 293 1612 347 mundo

168 366 573 437 Caelitibusque
613 371 774 438 meis3
817 369 1010 422 saltem
1049 387 1118 421 ne
1155 367 1385 439 virginis
1425 367 1601 421 almae

165 440 353 497 Sidera
389 440 587 496 Ledaei
625 442 846 497 videant
883 460 989 496 neu
1027 442 1161 496 talia
1197 440 1433 496 fratres?

166 514 254 571 Sic
291 518 450 587 pater
488 516 854 586 omnipotens,
893 516 1148 587 visusque
1185 515 1507 571 nocentibus
1544 515 1691 570 arvis

164 589 434 661 Abstulit,
471 593 529 645 et
567 590 712 644 dulci
749 594 925 644 terrae
965 608 1183 644 caruere
1224 608 1428 644 sereno.
1766 601 1851 642 135

78 696 81 735 1
237 662 462 735 Iamque
501 682 598 735 per
635 664 924 737 Argolicas
956 663 1136 719 Erebo
1178 668 1297 719 sata
1337 664 1490 734 virgo
1530 662 1781 717 cohortes

162 736 419 809 Vestigat
456 737 728 809 Polynicis
768 739 873 792 iter
911 739 1191 810 portisque
1233 739 1332 792 sub
1373 738 1507 809 ipsis

73 854 77 863 ,
162 811 401 882 Invenit,
440 813 703 868 incertum
743 814 854 867 leto
893 816 981 867 tot
1019 813 1205 883 iniqua
1242 813 1443 883 fugane

160 885 348 941 Exeat.
424 886 500 940 Et
538 887 730 942 dubios
769 887 1057 941 turbarant
1096 888 1279 941 omina
1320 904 1532 940 sensus:

161 959 411 1031 Viderat,
452 962 681 1016 obscura
719 961 922 1015 vallum
963 962 1088 1015 dum
1129 966 1288 1015 nocte
1327 963 1571 1032 pererrat
1766 974 1851 1014 140

160 1035 340 1106 Aeger
379 1036 592 1090 consilii
631 1036 877 1106 curisque
915 1036 1211 1089 novissima
1249 1036 1497 1103 volvens,

162 1107 424 1181 Coniugis
464 1110 665 1180 Argiae
704 1110 938 1164 laceram
978 1127 1101 1164 cum
1140 1109 1392 1180 lampade
1432 1112 1640 1162 maesta

158 1181 418 1256 Effigiem
457 1184 608 1252 (sunt
645 1188 892 1238 monstra
930 1184 1112 1254 deum,
1151 1185 1229 1238 sic
1267 1185 1345 1237 ire
1383 1183 1638 1253 parabat,

159 1256 276 1312 Has
316 1258 495 1312 latura
532 1259 648 1312 viro
687 1259 875 1312 taedas
917 1257 1102 1329 erat!):
1142 1276 1272 1328 ergo
1311 1258 1554 1327 roganti,

161 1331 311 1395 Quae
347 1332 432 1386 via
457 1333 644 1402 quisve
672 1332 846 1402 dolor,
878 1350 971 1386 cur
995 1336 1204 1386 maesta
1228 1332 1487 1401 insignia,
1519 1333 1733 1385 tantum
1769 1344 1852 1384 145

157 1404 410 1460 Fleverat
450 1411 608 1476 atque
648 1425 813 1460 manu
851 1410 1028 1460 tactos
1070 1410 1340 1461 averterat
1379 1406 1550 1475 ignes.

160 1477 277 1534 Scit
315 1484 552 1535 mentem
593 1481 793 1535 vidisse
831 1480 1007 1551 nefas3
1049 1482 1249 1534 etenim
1287 1480 1428 1533 unde
1467 1478 1710 1549 Mycenis

157 1554 391 1608 Adforet
429 1557 484 1608 et
521 1555 726 1609 vallum
766 1556 1002 1609 coniunx
1040 1555 1263 1624 inopina
1302 1554 1547 1608 subiret?

159 1626 263 1682 Sed
301 1627 401 1683 fati
440 1629 679 1683 monitus
718 1629 1001 1699 vicinaque
1039 1629 1230 1683 funera
1271 1629 1457 1696 sentit,

160 1702 241 1756 Ac
282 1704 481 1757 sentire
518 1704 692 1757 timet.
770 1701 907 1757 Cum
946 1721 1075 1757 vero
1114 1703 1443 1757 Acherontis
1486 1702 1660 1771 aperti
1769 1717 1852 1755 150

159 1774 296 1830 Dira
333 1780 418 1830 ter
457 1777 677 1831 admoto
717 1778 904 1848 tetigit
941 1778 1168 1832 thoraca
1207 1778 1446 1848 flage110‚

158 1848 334 1904 Ardet
371 1850 530 1922 inops
571 1852 761 1921 animi,
799 1870 897 1904 nec
935 1856 1048 1905 tam
1090 1852 1367 1905 considere
1406 1867 1598 1922 regn0‚

159 1923 334 1987 Quam
374 1925 550 1978 scelus
591 1927 646 1978 et
685 1925 902 1978 caedem
944 1929 999 1979 et
1034 1925 1269 1996 perfossi
1310 1926 1574 1995 sanguine
1611 1924 1796 1979 fratris

155 1997 422 2068 Expirare
462 1999 632 2069 cupit,
672 1999 990 2068 subitusque
1031 2000 1245 2053 adfatur
1282 1999 1601 2052 Adrastum:

157 2070 316 2126 ‘Sera
348 2073 588 2143 quidem,
621 2077 891 2130 extremus
918 2073 1124 2126 socium
1148 2074 1431 2144 gentisque
1456 2075 1728 2143 superstes
1765 2087 1848 2126 155

63 2138 76 2215 ζ
155 2146 469 2217 Argolicae,
508 2147 779 2213 consulta,
817 2151 994 2217 pater,
1033 2147 1142 2201 iam
1181 2147 1341 2201 rebus
1381 2148 1439 2200 in
1478 2150 1610 2200 arus

276 2327 357 2368 131
402 2322 519 2380 stat,
566 2323 626 2367 al.
658 2337 715 2368 m.
748 2336 979 2380 suprascr.
1028 2324 1102 2367 sat
1138 2328 1171 2366 P
1207 2325 1213 2380 Ι
1246 2335 1438 2379 parcere
1477 2323 1608 2368 caelo
1638 2327 1673 2366 B
1713 2323 1845 2368 coelo

154 2384 274 2424 cGE
306 2381 428 2427 Oozb.
463 2386 490 2425 Β
528 2382 777 2439 (suprascr.
809 2384 832 2425 t
863 2381 969 2440 soli)
1010 2381 1102 2427 soli
1131 2383 1274 2428 Behh.
1316 2388 1348 2425 1·
1377 2384 1394 2440 ῃ
1427 2388 1510 2428 132
1552 2382 1842 2439 Sideribusq.

52 2432 61 2482 J
152 2442 186 2483 B
217 2440 330 2487 Beh.
362 2446 394 2484 'P
422 2441 429 2498 Ι
454 2454 514 2486 ne
545 2440 742 2498 virginis
775 2441 942 2497 almae,
974 2443 1033 2487 al.
1065 2456 1122 2487 m.
1151 2456 1381 2499 suprascr.
1413 2441 1603 2499 pudeat.
1636 2457 1677 2487 o.
1703 2443 1843 2486 coeli-

75 2524 77 2526 ·
151 2499 283 2545 colae
314 2504 348 2543 P
370 2502 387 2558 ΙΙ
412 2504 496 2545 133
527 2514 705 2546 versum
734 2514 818 2547 om.
850 2505 884 2544 P
906 2503 922 2559 ΙΙ
942 2515 1012 2547 vv.
1047 2506 1131 2546 138
1163 2507 1205 2547 et
1238 2507 1322 2546 139
1347 2503 1401 2546 in
1422 2507 1455 2544 P
1478 2503 1598 2547 inter
1619 2516 1665 2547 se
1687 2507 1839 2546 trans·

143 2603 290 2661 positi
313 2604 352 2648 le
381 2607 527 2649 untur
553 2606 560 2660 Ι
587 2603 788 2661 Invenit,
813 2606 872 2651 al.
889 2619 947 2650 m.
964 2619 1195 2662 suprascr.
1219 2568 1378 2662 polupic
1393 2611 1426 2648 P
1449 2607 1465 2662 u
1491 2610 1574 2650 139
1591 2605 1843 2648 turbarant

71 2702 75 2715 ,
150 2665 184 2705 P
221 2661 362 2707 turba
396 2663 480 2707 ant
524 2664 658 2709 ceteri
694 2666 710 2722 [Ι
749 2669 833 2710 142
871 2663 1077 2709 laceram
1115 2670 1147 2708 P
1185 2664 1343 2709 lacera
1381 2666 1515 2710 ceteri
1548 2668 1556 2719 Ι
1589 2665 1771 2708 maesta
1808 2669 1842 2707 P

150 2723 381 2766 maestam
418 2723 553 2768 ceteri
589 2725 604 2780 ΙΙ
646 2728 730 2767 144
769 2723 980 2780 roganti,
1021 2726 1080 2770 al.
1113 2739 1170 2769 m.
1202 2738 1430 2782 suprascr.
1468 2725 1571 2767 erat
1602 2722 1733 2766 simii
1763 2727 1797 2765 P
1825 2724 1843 2790 fl

151 2784 236 2826 146
269 2779 370 2835 Quo
403 2781 684 2827 Schrader-us
713 2784 730 2839 u
763 2787 846 2828 146
877 2784 1049 2828 tacitos
1080 2788 1113 2826 P
1143 2782 1338 2827 timidos
1371 2784 1542 2839 ceterin
1568 2786 1653 2827 150
1685 2782 1839 2839 aperti

149 2842 190 2882 1⁸·
214 2838 367 2899 operti
398 2842 532 2886 ceteri
553 2842 568 2898 ΙΙ
594 2845 675 2885 151
708 2840 824 2886 Dira
853 2847 886 2886 P
916 2842 1042 2887 Diva
1064 2844 1197 2888 ceteri
1218 2845 1235 2900 ss
1260 2847 1344 2887 153
1377 2841 1579 2900 perfossi
1609 2841 1839 2900 sanguine

151 2901 296 2953 Pch
326 2899 528 2957 perfossi
558 2900 609 2944 in
641 2901 869 2958 sanguine
899 2903 1055 2946 30²1
1083 2901 1283 2959 perfossi
1314 2901 1477 2947 funere
1506 2902 1620 2948 Bel».

1392 2975 1483 3021 20*
