<?xml version="1.0" encoding="UTF-8"?>
<!DOCTYPE html PUBLIC "-//W3C//DTD XHTML 1.0 Transitional//EN"
    "http://www.w3.org/TR/xhtml1/DTD/xhtml1-transitional.dtd">
<html xmlns="http://www.w3.org/1999/xhtml" xml:lang="en" lang="en">
 <head>
  <title>
</title>
<meta http-equiv="Content-Type" content="text/html;charset=utf-8" />
  <meta name='ocr-system' content='tesseract 3.04.00' />
  <meta name='ocr-capabilities' content='ocr_page ocr_carea ocr_par ocr_line ocrx_word'/>
</head>
<body>
  <div class='ocr_page' id='page_1' title='image "./operapapinius12statuoft_0045.png"; bbox 0 0 1988 3106; ppageno 0'>
   <div class='ocr_carea' id='block_1_1' title="bbox 634 159 1792 218">
    <p class='ocr_par' dir='ltr' id='par_1_1' title="bbox 634 159 1792 218">
     <span class='ocr_line' id='line_1_1' title="bbox 634 159 1792 218; baseline 0.006 -12"><span class='ocrx_word' id='word_1_1' title='bbox 634 159 944 206; x_wconf 61' lang='lat' dir='ltr'><strong>sumnum</strong></span> <span class='ocrx_word' id='word_1_2' title='bbox 975 160 1025 206; x_wconf 87' lang='lat' dir='ltr'><strong>L.</strong></span> <span class='ocrx_word' id='word_1_3' title='bbox 1059 161 1094 218; x_wconf 93' lang='lat'><strong>1,</strong></span> <span class='ocrx_word' id='word_1_4' title='bbox 1126 166 1166 206; x_wconf 83' lang='lat'><strong>2.</strong></span> <span class='ocrx_word' id='word_1_5' title='bbox 1726 160 1792 215; x_wconf 89' lang='lat'><strong>19</strong></span> 
     </span>
    </p>
   </div>
   <div class='ocr_carea' id='block_1_2' title="bbox 28 276 1794 2474">
    <p class='ocr_par' dir='ltr' id='par_1_2' title="bbox 29 276 1794 716">
     <span class='ocr_line' id='line_1_2' title="bbox 31 276 1468 351; baseline -0.001 -16"><span class='ocrx_word' id='word_1_6' title='bbox 31 276 230 335; x_wconf 79' lang='lat' dir='ltr'><strong>Felices</strong></span> <span class='ocrx_word' id='word_1_7' title='bbox 269 282 522 350; x_wconf 88' lang='lat' dir='ltr'><strong>utrosque</strong></span> <span class='ocrx_word' id='word_1_8' title='bbox 559 283 772 350; x_wconf 89' lang='lat' dir='ltr'><strong>uocant,</strong></span> <span class='ocrx_word' id='word_1_9' title='bbox 811 280 902 333; x_wconf 90' lang='lat' dir='ltr'><strong>sed</strong></span> <span class='ocrx_word' id='word_1_10' title='bbox 940 282 996 334; x_wconf 91' lang='lat' dir='ltr'><strong>in</strong></span> <span class='ocrx_word' id='word_1_11' title='bbox 1036 280 1251 351; x_wconf 81' lang='lat' dir='ltr'><strong>agmine</strong></span> <span class='ocrx_word' id='word_1_12' title='bbox 1289 280 1468 349; x_wconf 88' lang='lat' dir='ltr'><strong>plures</strong></span> 
     </span>
     <span class='ocr_line' id='line_1_3' title="bbox 30 348 1270 426; baseline -0.002 -18"><span class='ocrx_word' id='word_1_13' title='bbox 30 348 276 408; x_wconf 90' lang='lat' dir='ltr'><strong>Inuidere</strong></span> <span class='ocrx_word' id='word_1_14' title='bbox 315 353 447 407; x_wconf 89' lang='lat' dir='ltr'><strong>uiro.</strong></span> <span class='ocrx_word' id='word_1_15' title='bbox 521 352 828 406; x_wconf 90' lang='lat' dir='ltr'><strong>iamdudum</strong></span> <span class='ocrx_word' id='word_1_16' title='bbox 867 358 1020 423; x_wconf 89' lang='lat' dir='ltr'><strong>poste</strong></span> <span class='ocrx_word' id='word_1_17' title='bbox 1060 354 1270 426; x_wconf 79' lang='lat' dir='ltr'><strong>reclinis</strong></span> 
     </span>
     <span class='ocr_line' id='line_1_4' title="bbox 31 423 1575 496; baseline 0.001 -18"><span class='ocrx_word' id='word_1_18' title='bbox 31 423 250 490; x_wconf 71' lang='lat' dir='ltr'><strong>Quaerit</strong></span> <span class='ocrx_word' id='word_1_19' title='bbox 287 424 506 495; x_wconf 82' lang='lat' dir='ltr'><strong>Hymen</strong></span> <span class='ocrx_word' id='word_1_20' title='bbox 544 426 795 479; x_wconf 77' lang='lat' dir='ltr'><strong>thalamis</strong></span> <span class='ocrx_word' id='word_1_21' title='bbox 834 427 1095 480; x_wconf 89' lang='lat' dir='ltr'><strong>intactum</strong></span> <span class='ocrx_word' id='word_1_22' title='bbox 1135 427 1306 479; x_wconf 84' lang='lat' dir='ltr'><strong>dicere</strong></span> <span class='ocrx_word' id='word_1_23' title='bbox 1345 444 1575 496; x_wconf 87' lang='lat' dir='ltr'><strong>carmen,</strong></span> 
     </span>
     <span class='ocr_line' id='line_1_5' title="bbox 31 494 1463 569; baseline 0 -18"><span class='ocrx_word' id='word_1_24' title='bbox 31 494 148 566; x_wconf 69' lang='lat' dir='ltr'><strong>Quo</strong></span> <span class='ocrx_word' id='word_1_25' title='bbox 187 501 366 552; x_wconf 91' lang='lat' dir='ltr'><strong>uatem</strong></span> <span class='ocrx_word' id='word_1_26' title='bbox 405 499 634 552; x_wconf 89' lang='lat' dir='ltr'><strong>mulcere</strong></span> <span class='ocrx_word' id='word_1_27' title='bbox 674 503 848 569; x_wconf 88' lang='lat' dir='ltr'><strong>queat.</strong></span> <span class='ocrx_word' id='word_1_28' title='bbox 925 501 1017 553; x_wconf 89' lang='lat' dir='ltr'><strong>dat</strong></span> <span class='ocrx_word' id='word_1_29' title='bbox 1054 500 1189 553; x_wconf 89' lang='lat' dir='ltr'><strong>Iuno</strong></span> <span class='ocrx_word' id='word_1_30' title='bbox 1228 499 1463 552; x_wconf 85' lang='lat' dir='ltr'><strong>uerenda</strong></span> 
     </span>
     <span class='ocr_line' id='line_1_6' title="bbox 29 567 1794 642; baseline 0.003 -19"><span class='ocrx_word' id='word_1_31' title='bbox 29 567 270 639; x_wconf 69' lang='lat' dir='ltr'><strong>Uincula,</strong></span> <span class='ocrx_word' id='word_1_32' title='bbox 310 574 364 625; x_wconf 85' lang='lat' dir='ltr'><strong>et</strong></span> <span class='ocrx_word' id='word_1_33' title='bbox 399 572 638 642; x_wconf 81' lang='lat' dir='ltr'><strong>insignes</strong></span> <span class='ocrx_word' id='word_1_34' title='bbox 678 573 917 641; x_wconf 79' lang='lat' dir='ltr'><strong>geminat</strong></span> <span class='ocrx_word' id='word_1_35' title='bbox 955 573 1253 627; x_wconf 83' lang='lat' dir='ltr'><strong>Concordia</strong></span> <span class='ocrx_word' id='word_1_36' title='bbox 1290 574 1490 627; x_wconf 78' lang='lat' dir='ltr'><strong>taedas,</strong></span> <span class='ocrx_word' id='word_1_37' title='bbox 1709 587 1794 629; x_wconf 73' lang='lat'><strong>240</strong></span> 
     </span>
     <span class='ocr_line' id='line_1_7' title="bbox 30 641 1459 716; baseline 0.001 -19"><span class='ocrx_word' id='word_1_38' title='bbox 30 641 131 710; x_wconf 75' lang='lat' dir='ltr'><strong>Hic</strong></span> <span class='ocrx_word' id='word_1_39' title='bbox 169 644 273 698; x_wconf 83' lang='lat' dir='ltr'><strong>fuit</strong></span> <span class='ocrx_word' id='word_1_40' title='bbox 309 645 397 698; x_wconf 87' lang='lat' dir='ltr'><strong>ille</strong></span> <span class='ocrx_word' id='word_1_41' title='bbox 437 645 571 698; x_wconf 86' lang='lat' dir='ltr'><strong>dies:</strong></span> <span class='ocrx_word' id='word_1_42' title='bbox 611 649 823 699; x_wconf 88' lang='lat' dir='ltr'><strong>noctem</strong></span> <span class='ocrx_word' id='word_1_43' title='bbox 863 650 1020 699; x_wconf 86' lang='lat' dir='ltr'><strong>canat</strong></span> <span class='ocrx_word' id='word_1_44' title='bbox 1058 648 1171 716; x_wconf 93' lang='lat' dir='ltr'><strong>ipse</strong></span> <span class='ocrx_word' id='word_1_45' title='bbox 1211 647 1459 699; x_wconf 88' lang='lat' dir='ltr'><strong>maritus!</strong></span> 
     </span>
    </p>

    <p class='ocr_par' dir='ltr' id='par_1_3' title="bbox 78 718 1428 789">
     <span class='ocr_line' id='line_1_8' title="bbox 78 718 1428 789; baseline 0.001 -19"><span class='ocrx_word' id='word_1_46' title='bbox 78 721 302 771; x_wconf 80' lang='lat' dir='ltr'><strong>uantum</strong></span> <span class='ocrx_word' id='word_1_47' title='bbox 341 736 497 772; x_wconf 89' lang='lat' dir='ltr'><strong>nosse</strong></span> <span class='ocrx_word' id='word_1_48' title='bbox 537 718 676 788; x_wconf 87' lang='lat' dir='ltr'><strong>licet,</strong></span> <span class='ocrx_word' id='word_1_49' title='bbox 714 720 788 772; x_wconf 91' lang='lat' dir='ltr'><strong>sic</strong></span> <span class='ocrx_word' id='word_1_50' title='bbox 828 720 972 773; x_wconf 90' lang='lat' dir='ltr'><strong>uicta</strong></span> <span class='ocrx_word' id='word_1_51' title='bbox 1010 738 1202 789; x_wconf 91' lang='lat' dir='ltr'><strong>sopore</strong></span> <span class='ocrx_word' id='word_1_52' title='bbox 1241 720 1428 773; x_wconf 91' lang='lat' dir='ltr'><strong>doloso</strong></span> 
     </span>
    </p>

    <p class='ocr_par' dir='ltr' id='par_1_4' title="bbox 85 790 1226 861">
     <span class='ocr_line' id='line_1_9' title="bbox 85 790 1226 861; baseline 0.002 -18"><span class='ocrx_word' id='word_1_53' title='bbox 85 791 222 844; x_wconf 87' lang='lat' dir='ltr'><strong>artia</strong></span> <span class='ocrx_word' id='word_1_54' title='bbox 260 790 512 845; x_wconf 88' lang='lat' dir='ltr'><strong>fluminea</strong></span> <span class='ocrx_word' id='word_1_55' title='bbox 551 792 732 861; x_wconf 88' lang='lat' dir='ltr'><strong>posuit</strong></span> <span class='ocrx_word' id='word_1_56' title='bbox 768 793 908 846; x_wconf 91' lang='lat' dir='ltr'><strong>latus</strong></span> <span class='ocrx_word' id='word_1_57' title='bbox 949 794 1049 846; x_wconf 92' lang='lat' dir='ltr'><strong>Ilia</strong></span> <span class='ocrx_word' id='word_1_58' title='bbox 1089 794 1226 861; x_wconf 83' lang='lat' dir='ltr'><strong>ripa3</strong></span> 
     </span>
    </p>

    <p class='ocr_par' dir='ltr' id='par_1_5' title="bbox 30 864 1793 1667">
     <span class='ocr_line' id='line_1_10' title="bbox 84 864 1237 934; baseline 0.002 -18"><span class='ocrx_word' id='word_1_59' title='bbox 84 882 153 917; x_wconf 92' lang='lat' dir='ltr'><strong>on</strong></span> <span class='ocrx_word' id='word_1_60' title='bbox 191 864 315 917; x_wconf 90' lang='lat' dir='ltr'><strong>talis</strong></span> <span class='ocrx_word' id='word_1_61' title='bbox 354 865 540 918; x_wconf 89' lang='lat' dir='ltr'><strong>niueos</strong></span> <span class='ocrx_word' id='word_1_62' title='bbox 580 866 741 918; x_wconf 80' lang='lat' dir='ltr'><strong>tinxit</strong></span> <span class='ocrx_word' id='word_1_63' title='bbox 780 866 1004 919; x_wconf 85' lang='lat' dir='ltr'><strong>Lauinia</strong></span> <span class='ocrx_word' id='word_1_64' title='bbox 1042 868 1237 934; x_wconf 78' lang='lat' dir='ltr'><strong>uultuS,</strong></span> 
     </span>
     <span class='ocr_line' id='line_1_11' title="bbox 30 928 1792 1007; baseline 0.003 -18"><span class='ocrx_word' id='word_1_65' title='bbox 30 928 163 1001; x_wconf 53' lang='lat' dir='ltr'><strong>Qum</strong></span> <span class='ocrx_word' id='word_1_66' title='bbox 202 936 384 991; x_wconf 88' lang='lat' dir='ltr'><strong>Turno</strong></span> <span class='ocrx_word' id='word_1_67' title='bbox 425 942 699 1007; x_wconf 85' lang='lat' dir='ltr'><strong>spectante</strong></span> <span class='ocrx_word' id='word_1_68' title='bbox 738 939 914 1007; x_wconf 84' lang='lat' dir='ltr'><strong>rubet3</strong></span> <span class='ocrx_word' id='word_1_69' title='bbox 952 958 1062 993; x_wconf 90' lang='lat' dir='ltr'><strong>non</strong></span> <span class='ocrx_word' id='word_1_70' title='bbox 1095 939 1319 993; x_wconf 88' lang='lat' dir='ltr'><strong>Claudia</strong></span> <span class='ocrx_word' id='word_1_71' title='bbox 1355 940 1481 994; x_wconf 87' lang='lat' dir='ltr'><strong>talis</strong></span> <span class='ocrx_word' id='word_1_72' title='bbox 1707 954 1792 994; x_wconf 80' lang='grc'>245</span> 
     </span>
     <span class='ocr_line' id='line_1_12' title="bbox 109 1010 1307 1083; baseline 0.003 -20"><span class='ocrx_word' id='word_1_73' title='bbox 109 1010 281 1079; x_wconf 88' lang='lat' dir='ltr'><strong>spexit</strong></span> <span class='ocrx_word' id='word_1_74' title='bbox 317 1011 545 1080; x_wconf 90' lang='lat' dir='ltr'><strong>populos</strong></span> <span class='ocrx_word' id='word_1_75' title='bbox 584 1016 732 1065; x_wconf 87' lang='lat' dir='ltr'><strong>mota</strong></span> <span class='ocrx_word' id='word_1_76' title='bbox 770 1012 876 1065; x_wconf 88' lang='lat' dir='ltr'><strong>iam</strong></span> <span class='ocrx_word' id='word_1_77' title='bbox 916 1013 1070 1083; x_wconf 89' lang='lat' dir='ltr'><strong>uirgo</strong></span> <span class='ocrx_word' id='word_1_78' title='bbox 1110 1013 1307 1067; x_wconf 87' lang='lat' dir='ltr'><strong>carina.</strong></span> 
     </span>
     <span class='ocr_line' id='line_1_13' title="bbox 66 1082 1647 1157; baseline 0.003 -21"><span class='ocrx_word' id='word_1_79' title='bbox 66 1101 186 1153; x_wconf 15' lang='lat' dir='ltr'><strong>*unc</strong></span> <span class='ocrx_word' id='word_1_80' title='bbox 226 1101 374 1154; x_wconf 91' lang='lat' dir='ltr'><strong>opus,</strong></span> <span class='ocrx_word' id='word_1_81' title='bbox 412 1082 684 1138; x_wconf 88' lang='lat' dir='ltr'><strong>Aonidum</strong></span> <span class='ocrx_word' id='word_1_82' title='bbox 724 1086 945 1139; x_wconf 85' lang='lat' dir='ltr'><strong>comites</strong></span> <span class='ocrx_word' id='word_1_83' title='bbox 984 1087 1358 1157; x_wconf 86' lang='lat' dir='ltr'><strong>tripodumque</strong></span> <span class='ocrx_word' id='word_1_84' title='bbox 1397 1087 1647 1156; x_wconf 88' lang='lat' dir='ltr'><strong>ministri,</strong></span> 
     </span>
     <span class='ocr_line' id='line_1_14' title="bbox 79 1156 1278 1213; baseline 0.003 -4"><span class='ocrx_word' id='word_1_85' title='bbox 79 1156 267 1210; x_wconf 89' lang='lat' dir='ltr'><strong>iuersis</strong></span> <span class='ocrx_word' id='word_1_86' title='bbox 306 1159 507 1211; x_wconf 89' lang='lat' dir='ltr'><strong>certare</strong></span> <span class='ocrx_word' id='word_1_87' title='bbox 539 1158 732 1212; x_wconf 88' lang='lat' dir='ltr'><strong>modis:</strong></span> <span class='ocrx_word' id='word_1_88' title='bbox 772 1163 859 1211; x_wconf 87' lang='lat' dir='ltr'><strong>eat</strong></span> <span class='ocrx_word' id='word_1_89' title='bbox 896 1160 1089 1212; x_wconf 90' lang='lat' dir='ltr'><strong>enthea</strong></span> <span class='ocrx_word' id='word_1_90' title='bbox 1128 1161 1278 1213; x_wconf 89' lang='lat' dir='ltr'><strong>uittis</strong></span> 
     </span>
     <span class='ocr_line' id='line_1_15' title="bbox 31 1228 1511 1301; baseline 0.003 -19"><span class='ocrx_word' id='word_1_91' title='bbox 31 1247 39 1300; x_wconf 40' lang='lat' dir='ltr'><em>g</em></span> <span class='ocrx_word' id='word_1_92' title='bbox 79 1232 206 1299; x_wconf 87' lang='lat' dir='ltr'><strong>tque</strong></span> <span class='ocrx_word' id='word_1_93' title='bbox 245 1230 455 1284; x_wconf 89' lang='lat' dir='ltr'><strong>hederis</strong></span> <span class='ocrx_word' id='word_1_94' title='bbox 477 1228 740 1284; x_wconf 71' lang='lat' dir='ltr'><strong>&#39;redimita</strong></span> <span class='ocrx_word' id='word_1_95' title='bbox 778 1232 983 1301; x_wconf 81' lang='lat' dir='ltr'><strong>cohorS,</strong></span> <span class='ocrx_word' id='word_1_96' title='bbox 1022 1237 1082 1285; x_wconf 90' lang='lat' dir='ltr'><strong>ut</strong></span> <span class='ocrx_word' id='word_1_97' title='bbox 1119 1234 1288 1301; x_wconf 91' lang='lat' dir='ltr'><strong>pollet</strong></span> <span class='ocrx_word' id='word_1_98' title='bbox 1326 1234 1511 1286; x_wconf 83' lang='lat' dir='ltr'><strong>ouanti</strong></span> 
     </span>
     <span class='ocr_line' id='line_1_16' title="bbox 77 1303 1793 1376; baseline 0.003 -21"><span class='ocrx_word' id='word_1_99' title='bbox 77 1303 264 1373; x_wconf 88' lang='lat' dir='ltr'><strong>uisque</strong></span> <span class='ocrx_word' id='word_1_100' title='bbox 302 1304 431 1372; x_wconf 87' lang='lat' dir='ltr'><strong>lyra.</strong></span> <span class='ocrx_word' id='word_1_101' title='bbox 509 1305 600 1357; x_wconf 90' lang='lat' dir='ltr'><strong>sed</strong></span> <span class='ocrx_word' id='word_1_102' title='bbox 638 1305 922 1373; x_wconf 82' lang='lat' dir='ltr'><strong>praecipue</strong></span> <span class='ocrx_word' id='word_1_103' title='bbox 963 1306 1051 1375; x_wconf 92' lang='lat' dir='ltr'><strong>qui</strong></span> <span class='ocrx_word' id='word_1_104' title='bbox 1084 1307 1262 1359; x_wconf 90' lang='lat' dir='ltr'><strong>nobile</strong></span> <span class='ocrx_word' id='word_1_105' title='bbox 1295 1323 1483 1376; x_wconf 87' lang='lat' dir='ltr'><strong>gressu</strong></span> <span class='ocrx_word' id='word_1_106' title='bbox 1708 1320 1793 1361; x_wconf 88' lang='grc'>250</span> 
     </span>
     <span class='ocr_line' id='line_1_17' title="bbox 77 1376 1398 1447; baseline 0.002 -18"><span class='ocrx_word' id='word_1_107' title='bbox 77 1379 283 1430; x_wconf 84' lang='lat' dir='ltr'><strong>xtremo</strong></span> <span class='ocrx_word' id='word_1_108' title='bbox 321 1376 581 1431; x_wconf 88' lang='lat' dir='ltr'><strong>fraudatis</strong></span> <span class='ocrx_word' id='word_1_109' title='bbox 621 1396 773 1447; x_wconf 77' lang='lat' dir='ltr'><strong>opuS,</strong></span> <span class='ocrx_word' id='word_1_110' title='bbox 810 1378 932 1431; x_wconf 88' lang='lat' dir='ltr'><strong>date</strong></span> <span class='ocrx_word' id='word_1_111' title='bbox 972 1380 1208 1431; x_wconf 89' lang='lat' dir='ltr'><strong>carmina</strong></span> <span class='ocrx_word' id='word_1_112' title='bbox 1246 1380 1398 1432; x_wconf 89' lang='lat' dir='ltr'><strong>festis</strong></span> 
     </span>
     <span class='ocr_line' id='line_1_18' title="bbox 80 1449 1512 1520; baseline 0.002 -18"><span class='ocrx_word' id='word_1_113' title='bbox 80 1449 208 1519; x_wconf 87' lang='lat' dir='ltr'><strong>igna</strong></span> <span class='ocrx_word' id='word_1_114' title='bbox 245 1449 394 1503; x_wconf 80' lang='lat' dir='ltr'><strong>toris,</strong></span> <span class='ocrx_word' id='word_1_115' title='bbox 468 1450 609 1503; x_wconf 92' lang='lat' dir='ltr'><strong>hunc</strong></span> <span class='ocrx_word' id='word_1_116' title='bbox 647 1451 760 1519; x_wconf 88' lang='lat' dir='ltr'><strong>ipse</strong></span> <span class='ocrx_word' id='word_1_117' title='bbox 800 1449 911 1504; x_wconf 88' lang='lat' dir='ltr'><strong>Coo</strong></span> <span class='ocrx_word' id='word_1_118' title='bbox 950 1452 1235 1520; x_wconf 87' lang='lat' dir='ltr'><strong>plaudente</strong></span> <span class='ocrx_word' id='word_1_119' title='bbox 1275 1452 1512 1505; x_wconf 90' lang='lat' dir='ltr'><strong>Philetas</strong></span> 
     </span>
     <span class='ocr_line' id='line_1_19' title="bbox 75 1521 1590 1594; baseline 0.002 -18"><span class='ocrx_word' id='word_1_120' title='bbox 75 1521 495 1593; x_wconf 80' lang='lat' dir='ltr'><strong>allimachusque</strong></span> <span class='ocrx_word' id='word_1_121' title='bbox 533 1541 694 1577; x_wconf 87' lang='lat' dir='ltr'><strong>senex</strong></span> <span class='ocrx_word' id='word_1_122' title='bbox 732 1522 1041 1593; x_wconf 91' lang='lat' dir='ltr'><strong>Umbroque</strong></span> <span class='ocrx_word' id='word_1_123' title='bbox 1081 1525 1393 1594; x_wconf 85' lang='lat' dir='ltr'><strong>Propertius</strong></span> <span class='ocrx_word' id='word_1_124' title='bbox 1433 1530 1590 1579; x_wconf 88' lang='lat' dir='ltr'><strong>antro</strong></span> 
     </span>
     <span class='ocr_line' id='line_1_20' title="bbox 32 1595 1393 1667; baseline 0.003 -20"><span class='ocrx_word' id='word_1_125' title='bbox 32 1659 34 1662; x_wconf 21' lang='grc' dir='ltr'>Ι</span> <span class='ocrx_word' id='word_1_126' title='bbox 76 1615 77 1618; x_wconf 65' lang='grc'>’</span> <span class='ocrx_word' id='word_1_127' title='bbox 135 1595 341 1648; x_wconf 90' lang='lat' dir='ltr'><strong>bissent</strong></span> <span class='ocrx_word' id='word_1_128' title='bbox 376 1596 593 1649; x_wconf 87' lang='lat' dir='ltr'><strong>laudare</strong></span> <span class='ocrx_word' id='word_1_129' title='bbox 633 1597 788 1666; x_wconf 89' lang='lat' dir='ltr'><strong>diem,</strong></span> <span class='ocrx_word' id='word_1_130' title='bbox 826 1616 922 1650; x_wconf 89' lang='lat' dir='ltr'><strong>nec</strong></span> <span class='ocrx_word' id='word_1_131' title='bbox 961 1598 1129 1651; x_wconf 89' lang='lat' dir='ltr'><strong>tristis</strong></span> <span class='ocrx_word' id='word_1_132' title='bbox 1168 1599 1225 1650; x_wconf 91' lang='lat' dir='ltr'><strong>in</strong></span> <span class='ocrx_word' id='word_1_133' title='bbox 1263 1599 1393 1667; x_wconf 88' lang='lat' dir='ltr'><strong>ipsis</strong></span> 
     </span>
    </p>

    <p class='ocr_par' dir='ltr' id='par_1_6' title="bbox 28 1668 1792 2474">
     <span class='ocr_line' id='line_1_21' title="bbox 83 1668 1791 1739; baseline 0.002 -18"><span class='ocrx_word' id='word_1_134' title='bbox 83 1685 175 1721; x_wconf 88' lang='lat' dir='ltr'><strong>aso</strong></span> <span class='ocrx_word' id='word_1_135' title='bbox 216 1668 399 1722; x_wconf 84' lang='lat' dir='ltr'><strong>Tomis</strong></span> <span class='ocrx_word' id='word_1_136' title='bbox 438 1669 688 1739; x_wconf 91' lang='lat' dir='ltr'><strong>diuesque</strong></span> <span class='ocrx_word' id='word_1_137' title='bbox 727 1671 846 1724; x_wconf 87' lang='lat' dir='ltr'><strong>foco</strong></span> <span class='ocrx_word' id='word_1_138' title='bbox 886 1672 1101 1723; x_wconf 86' lang='lat' dir='ltr'><strong>lucente</strong></span> <span class='ocrx_word' id='word_1_139' title='bbox 1134 1671 1395 1725; x_wconf 78' lang='lat' dir='ltr'><strong>Tibullus,</strong></span> <span class='ocrx_word' id='word_1_140' title='bbox 1707 1686 1791 1726; x_wconf 85' lang='grc'>255</span> 
     </span>
     <span class='ocr_line' id='line_1_22' title="bbox 87 1744 1436 1814; baseline 0.003 -20"><span class='ocrx_word' id='word_1_141' title='bbox 87 1758 114 1794; x_wconf 92' lang='lat' dir='ltr'><strong>e</strong></span> <span class='ocrx_word' id='word_1_142' title='bbox 153 1744 293 1795; x_wconf 89' lang='lat' dir='ltr'><strong>certe</strong></span> <span class='ocrx_word' id='word_1_143' title='bbox 330 1760 441 1796; x_wconf 92' lang='lat' dir='ltr'><strong>non</strong></span> <span class='ocrx_word' id='word_1_144' title='bbox 477 1761 614 1796; x_wconf 89' lang='lat' dir='ltr'><strong>unus</strong></span> <span class='ocrx_word' id='word_1_145' title='bbox 654 1762 805 1797; x_wconf 92' lang='lat' dir='ltr'><strong>amor</strong></span> <span class='ocrx_word' id='word_1_146' title='bbox 843 1744 1170 1814; x_wconf 87' lang='lat' dir='ltr'><strong>simplexque</strong></span> <span class='ocrx_word' id='word_1_147' title='bbox 1210 1745 1436 1798; x_wconf 90' lang='lat' dir='ltr'><strong>canendi</strong></span> 
     </span>
     <span class='ocr_line' id='line_1_23' title="bbox 51 1815 1570 1887; baseline 0.002 -20"><span class='ocrx_word' id='word_1_148' title='bbox 51 1832 204 1881; x_wconf 13' lang='lat' dir='ltr'><strong>,ausa</strong></span> <span class='ocrx_word' id='word_1_149' title='bbox 240 1815 430 1868; x_wconf 84' lang='lat' dir='ltr'><strong>trahit:</strong></span> <span class='ocrx_word' id='word_1_150' title='bbox 469 1818 646 1870; x_wconf 85' lang='lat' dir='ltr'><strong>tecum</strong></span> <span class='ocrx_word' id='word_1_151' title='bbox 685 1817 886 1870; x_wconf 85' lang='lat' dir='ltr'><strong>similes</strong></span> <span class='ocrx_word' id='word_1_152' title='bbox 924 1818 1241 1887; x_wconf 89' lang='lat' dir='ltr'><strong>iunctaeque</strong></span> <span class='ocrx_word' id='word_1_153' title='bbox 1282 1817 1570 1886; x_wconf 85' lang='lat' dir='ltr'><strong>Camenae,</strong></span> 
     </span>
     <span class='ocr_line' id='line_1_24' title="bbox 29 1883 1584 1960; baseline 0.003 -20"><span class='ocrx_word' id='word_1_154' title='bbox 29 1883 212 1957; x_wconf 81' lang='lat' dir='ltr'><strong>Stella,</strong></span> <span class='ocrx_word' id='word_1_155' title='bbox 250 1888 398 1958; x_wconf 88' lang='lat' dir='ltr'><strong>mihi,</strong></span> <span class='ocrx_word' id='word_1_156' title='bbox 435 1890 768 1960; x_wconf 90' lang='lat' dir='ltr'><strong>multumque</strong></span> <span class='ocrx_word' id='word_1_157' title='bbox 807 1909 962 1959; x_wconf 89' lang='lat' dir='ltr'><strong>pares</strong></span> <span class='ocrx_word' id='word_1_158' title='bbox 1001 1892 1321 1944; x_wconf 87' lang='lat' dir='ltr'><strong>bacchamur</strong></span> <span class='ocrx_word' id='word_1_159' title='bbox 1359 1892 1425 1944; x_wconf 92' lang='lat' dir='ltr'><strong>ad</strong></span> <span class='ocrx_word' id='word_1_160' title='bbox 1465 1910 1584 1945; x_wconf 88' lang='lat' dir='ltr'><strong>aras</strong></span> 
     </span>
     <span class='ocr_line' id='line_1_25' title="bbox 28 1958 1501 2018; baseline 0.003 -5"><span class='ocrx_word' id='word_1_161' title='bbox 28 1958 101 2013; x_wconf 83' lang='lat' dir='ltr'><strong>Et</strong></span> <span class='ocrx_word' id='word_1_162' title='bbox 139 1961 339 2015; x_wconf 89' lang='lat' dir='ltr'><strong>sociam</strong></span> <span class='ocrx_word' id='word_1_163' title='bbox 377 1962 547 2016; x_wconf 88' lang='lat' dir='ltr'><strong>doctis</strong></span> <span class='ocrx_word' id='word_1_164' title='bbox 586 1962 860 2016; x_wconf 89' lang='lat' dir='ltr'><strong>haurimus</strong></span> <span class='ocrx_word' id='word_1_165' title='bbox 901 1964 968 2016; x_wconf 90' lang='lat' dir='ltr'><strong>ab</strong></span> <span class='ocrx_word' id='word_1_166' title='bbox 1001 1965 1247 2018; x_wconf 89' lang='lat' dir='ltr'><strong>amnibus</strong></span> <span class='ocrx_word' id='word_1_167' title='bbox 1286 1966 1501 2018; x_wconf 88' lang='lat' dir='ltr'><strong>undam.</strong></span> 
     </span>
     <span class='ocr_line' id='line_1_26' title="bbox 29 2031 1792 2107; baseline 0.003 -21"><span class='ocrx_word' id='word_1_168' title='bbox 29 2031 103 2086; x_wconf 78' lang='lat' dir='ltr'><strong>At</strong></span> <span class='ocrx_word' id='word_1_169' title='bbox 139 2036 193 2086; x_wconf 90' lang='lat' dir='ltr'><strong>te</strong></span> <span class='ocrx_word' id='word_1_170' title='bbox 231 2037 539 2088; x_wconf 85' lang='lat' dir='ltr'><strong>nascentem</strong></span> <span class='ocrx_word' id='word_1_171' title='bbox 579 2038 782 2105; x_wconf 85' lang='lat' dir='ltr'><strong>gremio</strong></span> <span class='ocrx_word' id='word_1_172' title='bbox 823 2055 942 2089; x_wconf 90' lang='lat' dir='ltr'><strong>mea</strong></span> <span class='ocrx_word' id='word_1_173' title='bbox 980 2038 1154 2105; x_wconf 90' lang='lat' dir='ltr'><strong>prima</strong></span> <span class='ocrx_word' id='word_1_174' title='bbox 1190 2039 1394 2107; x_wconf 88' lang='lat' dir='ltr'><strong>recepit</strong></span> <span class='ocrx_word' id='word_1_175' title='bbox 1707 2051 1792 2091; x_wconf 82' lang='grc'>260</span> 
     </span>
     <span class='ocr_line' id='line_1_27' title="bbox 29 2105 1384 2180; baseline 0.002 -20"><span class='ocrx_word' id='word_1_176' title='bbox 29 2105 384 2177; x_wconf 88' lang='lat' dir='ltr'><strong>Parthenope,</strong></span> <span class='ocrx_word' id='word_1_177' title='bbox 423 2107 695 2178; x_wconf 88' lang='lat' dir='ltr'><strong>dulcisque</strong></span> <span class='ocrx_word' id='word_1_178' title='bbox 736 2110 852 2162; x_wconf 88' lang='lat' dir='ltr'><strong>solo</strong></span> <span class='ocrx_word' id='word_1_179' title='bbox 890 2114 950 2162; x_wconf 90' lang='lat' dir='ltr'><strong>tu</strong></span> <span class='ocrx_word' id='word_1_180' title='bbox 989 2112 1162 2180; x_wconf 85' lang='lat' dir='ltr'><strong>gloria</strong></span> <span class='ocrx_word' id='word_1_181' title='bbox 1198 2116 1384 2164; x_wconf 88' lang='lat' dir='ltr'><strong>nostro</strong></span> 
     </span>
     <span class='ocr_line' id='line_1_28' title="bbox 29 2177 1474 2252; baseline 0.003 -21"><span class='ocrx_word' id='word_1_182' title='bbox 29 2177 287 2248; x_wconf 78' lang='lat' dir='ltr'><strong>Reptasti.</strong></span> <span class='ocrx_word' id='word_1_183' title='bbox 347 2180 575 2234; x_wconf 89' lang='lat' dir='ltr'><strong>nitidum</strong></span> <span class='ocrx_word' id='word_1_184' title='bbox 613 2186 905 2252; x_wconf 82' lang='lat' dir='ltr'><strong>consurgat</strong></span> <span class='ocrx_word' id='word_1_185' title='bbox 943 2184 1010 2235; x_wconf 91' lang='lat' dir='ltr'><strong>ad</strong></span> <span class='ocrx_word' id='word_1_186' title='bbox 1051 2184 1268 2236; x_wconf 87' lang='lat' dir='ltr'><strong>aethera</strong></span> <span class='ocrx_word' id='word_1_187' title='bbox 1313 2185 1474 2236; x_wconf 90' lang='lat' dir='ltr'><strong>tellus</strong></span> 
     </span>
     <span class='ocr_line' id='line_1_29' title="bbox 31 2253 1362 2325; baseline 0.003 -20"><span class='ocrx_word' id='word_1_188' title='bbox 31 2267 42 2314; x_wconf 62' lang='grc' dir='ltr'><strong>ζ,</strong></span> <span class='ocrx_word' id='word_1_189' title='bbox 79 2253 232 2306; x_wconf 88' lang='lat' dir='ltr'><strong>ubois</strong></span> <span class='ocrx_word' id='word_1_190' title='bbox 272 2256 326 2306; x_wconf 88' lang='lat' dir='ltr'><strong>et</strong></span> <span class='ocrx_word' id='word_1_191' title='bbox 355 2254 541 2322; x_wconf 88' lang='lat' dir='ltr'><strong>pulcra</strong></span> <span class='ocrx_word' id='word_1_192' title='bbox 578 2257 785 2308; x_wconf 88' lang='lat' dir='ltr'><strong>tumeat</strong></span> <span class='ocrx_word' id='word_1_193' title='bbox 823 2255 1081 2309; x_wconf 84' lang='lat' dir='ltr'><strong>Sebethos</strong></span> <span class='ocrx_word' id='word_1_194' title='bbox 1121 2258 1362 2325; x_wconf 84' lang='lat' dir='ltr'><strong>alumna3</strong></span> 
     </span>
     <span class='ocr_line' id='line_1_30' title="bbox 42 2326 1370 2396; baseline 0.003 -18"><span class='ocrx_word' id='word_1_195' title='bbox 42 2343 140 2394; x_wconf 36' lang='lat' dir='ltr'><strong>„ec</strong></span> <span class='ocrx_word' id='word_1_196' title='bbox 179 2326 282 2379; x_wconf 87' lang='lat' dir='ltr'><strong>sibi</strong></span> <span class='ocrx_word' id='word_1_197' title='bbox 320 2326 622 2396; x_wconf 87' lang='lat' dir='ltr'><strong>sulphureis</strong></span> <span class='ocrx_word' id='word_1_198' title='bbox 661 2328 921 2381; x_wconf 89' lang='lat' dir='ltr'><strong>Lucrinae</strong></span> <span class='ocrx_word' id='word_1_199' title='bbox 961 2328 1161 2382; x_wconf 87' lang='lat' dir='ltr'><strong>Naides</strong></span> <span class='ocrx_word' id='word_1_200' title='bbox 1202 2331 1370 2382; x_wconf 81' lang='lat' dir='ltr'><strong>antris</strong></span> 
     </span>
     <span class='ocr_line' id='line_1_31' title="bbox 70 2398 1789 2474; baseline 0.003 -23"><span class='ocrx_word' id='word_1_201' title='bbox 70 2416 140 2474; x_wconf 25' lang='lat' dir='ltr'><strong>&#39;ec</strong></span> <span class='ocrx_word' id='word_1_202' title='bbox 170 2398 486 2468; x_wconf 87' lang='lat' dir='ltr'><strong>Pompeiani</strong></span> <span class='ocrx_word' id='word_1_203' title='bbox 524 2402 773 2470; x_wconf 88' lang='lat' dir='ltr'><strong>placeant</strong></span> <span class='ocrx_word' id='word_1_204' title='bbox 811 2403 984 2472; x_wconf 85' lang='lat' dir='ltr'><strong>magis</strong></span> <span class='ocrx_word' id='word_1_205' title='bbox 1025 2403 1135 2455; x_wconf 89' lang='lat' dir='ltr'><strong>otia</strong></span> <span class='ocrx_word' id='word_1_206' title='bbox 1175 2402 1345 2456; x_wconf 84' lang='lat' dir='ltr'><strong>Sarni.</strong></span> <span class='ocrx_word' id='word_1_207' title='bbox 1705 2417 1789 2457; x_wconf 82' lang='grc'>265</span> 
     </span>
    </p>
   </div>
   <div class='ocr_carea' id='block_1_3' title="bbox 28 1046 133 1869">
    <p class='ocr_par' dir='ltr' id='par_1_7' title="bbox 28 1046 133 1869">
     <span class='ocr_line' id='line_1_32' title="bbox 29 1046 83 1267; baseline 0 -26"><span class='ocrx_word' id='word_1_208' title='bbox 29 1046 83 1267; x_wconf 95' lang='lat' dir='ltr'><strong>    </strong></span> 
     </span>
     <span class='ocr_line' id='line_1_33' title="bbox 29 1267 77 1337; baseline 0 1769"><span class='ocrx_word' id='word_1_209' title='bbox 29 1267 77 1337; x_wconf 95' lang='lat' dir='ltr'><strong> </strong></span> 
     </span>
     <span class='ocr_line' id='line_1_34' title="bbox 29 1337 78 1555; baseline 0.102 -74"><span class='ocrx_word' id='word_1_210' title='bbox 29 1337 78 1555; x_wconf 95' lang='lat' dir='ltr'><strong>    </strong></span> 
     </span>
     <span class='ocr_line' id='line_1_35' title="bbox 30 1555 133 1633; baseline 0.029 -3"><span class='ocrx_word' id='word_1_211' title='bbox 30 1555 133 1633; x_wconf 95' lang='lat' dir='ltr'><strong>  </strong></span> 
     </span>
     <span class='ocr_line' id='line_1_36' title="bbox 28 1633 83 1869; baseline 0 -93"><span class='ocrx_word' id='word_1_212' title='bbox 28 1633 83 1869; x_wconf 95' lang='lat' dir='ltr'><strong>   </strong></span> 
     </span>
    </p>
   </div>
   <div class='ocr_carea' id='block_1_4' title="bbox 27 2245 382 2908">
    <p class='ocr_par' dir='ltr' id='par_1_8' title="bbox 27 2245 382 2908">
     <span class='ocr_line' id='line_1_37' title="bbox 28 2245 29 2289; baseline 0 817"><span class='ocrx_word' id='word_1_213' title='bbox 28 2245 29 2289; x_wconf 95' lang='lat' dir='ltr'><strong> </strong></span> 
     </span>
     <span class='ocr_line' id='line_1_38' title="bbox 27 2289 79 2512; baseline 0.019 -152"><span class='ocrx_word' id='word_1_214' title='bbox 27 2289 79 2512; x_wconf 95' lang='lat' dir='ltr'><strong>    </strong></span> 
     </span>
     <span class='ocr_line' id='line_1_39' title="bbox 27 2512 382 2702; baseline 0 -116"><span class='ocrx_word' id='word_1_215' title='bbox 27 2512 382 2702; x_wconf 95' lang='lat' dir='ltr'><strong>  </strong></span> 
     </span>
     <span class='ocr_line' id='line_1_40' title="bbox 27 2702 87 2908; baseline 0 -143"><span class='ocrx_word' id='word_1_216' title='bbox 27 2702 87 2908; x_wconf 95' lang='lat' dir='ltr'><strong>    </strong></span> 
     </span>
    </p>
   </div>
   <div class='ocr_carea' id='block_1_5' title="bbox 0 2616 1793 2908">
    <p class='ocr_par' dir='ltr' id='par_1_9' title="bbox 0 2616 1793 2908">
     <span class='ocr_line' id='line_1_41' title="bbox 143 2616 1790 2676; baseline 0.003 -16"><span class='ocrx_word' id='word_1_217' title='bbox 143 2621 229 2660; x_wconf 85' lang='grc'>237</span> <span class='ocrx_word' id='word_1_218' title='bbox 266 2616 449 2662; x_wconf 89' lang='lat' dir='ltr'><strong>recliuis</strong></span> <span class='ocrx_word' id='word_1_219' title='bbox 487 2622 516 2660; x_wconf 82' lang='lat' dir='ltr'><strong>c</strong></span> <span class='ocrx_word' id='word_1_220' title='bbox 555 2633 582 2660; x_wconf 77' lang='lat' dir='ltr'><strong>a</strong></span> <span class='ocrx_word' id='word_1_221' title='bbox 618 2620 634 2675; x_wconf 82' lang='grc' dir='ltr'><strong>ΙΙ</strong></span> <span class='ocrx_word' id='word_1_222' title='bbox 673 2624 759 2664; x_wconf 86' lang='grc'>240</span> <span class='ocrx_word' id='word_1_223' title='bbox 797 2619 970 2675; x_wconf 80' lang='lat' dir='ltr'><strong>insigni</strong></span> <span class='ocrx_word' id='word_1_224' title='bbox 1001 2635 1043 2676; x_wconf 80' lang='lat' dir='ltr'><strong>g.</strong></span> <span class='ocrx_word' id='word_1_225' title='bbox 1077 2620 1125 2664; x_wconf 86' lang='lat' dir='ltr'><strong>C.</strong></span> <span class='ocrx_word' id='word_1_226' title='bbox 1157 2621 1267 2664; x_wconf 90' lang='lat' dir='ltr'><strong>teda</strong></span> <span class='ocrx_word' id='word_1_227' title='bbox 1298 2625 1326 2662; x_wconf 85' lang='lat' dir='ltr'><strong>c</strong></span> <span class='ocrx_word' id='word_1_228' title='bbox 1358 2636 1398 2676; x_wconf 82' lang='lat' dir='ltr'><strong>a,</strong></span> <span class='ocrx_word' id='word_1_229' title='bbox 1440 2634 1552 2664; x_wconf 84' lang='lat' dir='ltr'><strong>corr.</strong></span> <span class='ocrx_word' id='word_1_230' title='bbox 1585 2621 1790 2665; x_wconf 79' lang='lat' dir='ltr'><strong>Boxhor-</strong></span> 
     </span>
     <span class='ocr_line' id='line_1_42' title="bbox 154 2677 1792 2737; baseline 0.003 -19"><span class='ocrx_word' id='word_1_231' title='bbox 154 2677 278 2731; x_wconf 82' lang='grc'>11242</span> <span class='ocrx_word' id='word_1_232' title='bbox 310 2689 442 2720; x_wconf 88' lang='lat' dir='ltr'><strong>nosse</strong></span> <span class='ocrx_word' id='word_1_233' title='bbox 483 2680 512 2720; x_wconf 75' lang='grc' dir='ltr'>ς</span> <span class='ocrx_word' id='word_1_234' title='bbox 551 2691 599 2720; x_wconf 77' lang='lat' dir='ltr'><strong>a:</strong></span> <span class='ocrx_word' id='word_1_235' title='bbox 639 2692 773 2722; x_wconf 88' lang='lat' dir='ltr'><strong>nosce</strong></span> <span class='ocrx_word' id='word_1_236' title='bbox 805 2683 833 2720; x_wconf 80' lang='lat' dir='ltr'>C</span> <span class='ocrx_word' id='word_1_237' title='bbox 855 2681 871 2735; x_wconf 85' lang='grc' dir='ltr'><strong>ΙΙ</strong></span> <span class='ocrx_word' id='word_1_238' title='bbox 895 2684 981 2722; x_wconf 90' lang='grc'>244</span> <span class='ocrx_word' id='word_1_239' title='bbox 1011 2679 1152 2723; x_wconf 78' lang='lat' dir='ltr'><strong>tinxit</strong></span> <span class='ocrx_word' id='word_1_240' title='bbox 1183 2679 1399 2723; x_wconf 71' lang='lat' dir='ltr'><strong>Guietas:</strong></span> <span class='ocrx_word' id='word_1_241' title='bbox 1443 2679 1627 2723; x_wconf 83' lang='lat' dir='ltr'><strong>strinxit</strong></span> <span class='ocrx_word' id='word_1_242' title='bbox 1659 2685 1688 2722; x_wconf 80' lang='lat' dir='ltr'>G</span> <span class='ocrx_word' id='word_1_243' title='bbox 1719 2696 1747 2723; x_wconf 80' lang='lat' dir='ltr'><strong>a</strong></span> <span class='ocrx_word' id='word_1_244' title='bbox 1778 2682 1792 2737; x_wconf 62' lang='lat'><strong>3}</strong></span> 
     </span>
     <span class='ocr_line' id='line_1_43' title="bbox 0 2733 1793 2796; baseline 0.003 -20"><span class='ocrx_word' id='word_1_245' title='bbox 0 2770 2 2775; x_wconf 79' lang='grc'>,</span> <span class='ocrx_word' id='word_1_246' title='bbox 87 2737 112 2777; x_wconf 91' lang='grc'>8</span> <span class='ocrx_word' id='word_1_247' title='bbox 144 2733 274 2778; x_wconf 89' lang='lat' dir='ltr'><strong>uittis</strong></span> <span class='ocrx_word' id='word_1_248' title='bbox 306 2737 357 2778; x_wconf 76' lang='lat'><strong>⁴3:</strong></span> <span class='ocrx_word' id='word_1_249' title='bbox 396 2734 533 2778; x_wconf 84' lang='lat' dir='ltr'><strong>uictis</strong></span> <span class='ocrx_word' id='word_1_250' title='bbox 573 2740 601 2777; x_wconf 77' lang='grc' dir='ltr'>Ο</span> <span class='ocrx_word' id='word_1_251' title='bbox 633 2750 659 2777; x_wconf 85' lang='lat' dir='ltr'><strong>a.</strong></span> <span class='ocrx_word' id='word_1_252' title='bbox 681 2737 697 2792; x_wconf 82' lang='grc' dir='ltr'><strong>ΙΙ</strong></span> <span class='ocrx_word' id='word_1_253' title='bbox 727 2741 812 2780; x_wconf 84' lang='grc'>250</span> <span class='ocrx_word' id='word_1_254' title='bbox 845 2737 1081 2793; x_wconf 86' lang='lat' dir='ltr'><strong>praecipui</strong></span> <span class='ocrx_word' id='word_1_255' title='bbox 1114 2742 1141 2779; x_wconf 83' lang='lat' dir='ltr'><strong>c</strong></span> <span class='ocrx_word' id='word_1_256' title='bbox 1173 2753 1199 2779; x_wconf 83' lang='lat' dir='ltr'><strong>a</strong></span> <span class='ocrx_word' id='word_1_257' title='bbox 1221 2740 1236 2793; x_wconf 83' lang='grc' dir='ltr'><strong>ΙΙ</strong></span> <span class='ocrx_word' id='word_1_258' title='bbox 1261 2743 1343 2781; x_wconf 82' lang='grc'>251</span> <span class='ocrx_word' id='word_1_259' title='bbox 1382 2751 1492 2794; x_wconf 87' lang='lat' dir='ltr'><strong>epos</strong></span> <span class='ocrx_word' id='word_1_260' title='bbox 1524 2738 1747 2782; x_wconf 77' lang='lat' dir='ltr'><strong>Heinsius</strong></span> <span class='ocrx_word' id='word_1_261' title='bbox 1777 2734 1793 2796; x_wconf 68' lang='grc' dir='ltr'>Η</span> 
     </span>
     <span class='ocr_line' id='line_1_44' title="bbox 0 2793 1789 2849; baseline 0.003 -14"><span class='ocrx_word' id='word_1_262' title='bbox 0 2803 1 2812; x_wconf 69' lang='grc'>’</span> <span class='ocrx_word' id='word_1_263' title='bbox 64 2796 110 2841; x_wconf 88' lang='grc'>2</span> <span class='ocrx_word' id='word_1_264' title='bbox 144 2805 225 2836; x_wconf 93' lang='lat' dir='ltr'><strong>coo</strong></span> <span class='ocrx_word' id='word_1_265' title='bbox 258 2795 287 2836; x_wconf 80' lang='grc' dir='ltr'>ς</span> <span class='ocrx_word' id='word_1_266' title='bbox 321 2807 368 2838; x_wconf 74' lang='lat' dir='ltr'><strong>a:</strong></span> <span class='ocrx_word' id='word_1_267' title='bbox 403 2793 520 2837; x_wconf 91' lang='lat' dir='ltr'><strong>choo</strong></span> <span class='ocrx_word' id='word_1_268' title='bbox 552 2797 600 2846; x_wconf 56' lang='grc' dir='ltr'><strong>(ὴ</strong></span> <span class='ocrx_word' id='word_1_269' title='bbox 641 2794 780 2839; x_wconf 88' lang='lat' dir='ltr'><strong>choro</strong></span> <span class='ocrx_word' id='word_1_270' title='bbox 811 2797 1073 2848; x_wconf 77' lang='lat' dir='ltr'><strong>Auantius;</strong></span> <span class='ocrx_word' id='word_1_271' title='bbox 1113 2796 1169 2849; x_wconf 80' lang='lat' dir='ltr'><strong>cf.</strong></span> <span class='ocrx_word' id='word_1_272' title='bbox 1202 2797 1529 2840; x_wconf 75' lang='lat' dir='ltr'><strong>Lachmamzus</strong></span> <span class='ocrx_word' id='word_1_273' title='bbox 1559 2798 1621 2841; x_wconf 83' lang='lat' dir='ltr'><strong>ad</strong></span> <span class='ocrx_word' id='word_1_274' title='bbox 1651 2798 1789 2840; x_wconf 81' lang='lat' dir='ltr'><strong>Lucr.</strong></span> 
     </span>
     <span class='ocr_line' id='line_1_45' title="bbox 47 2850 1249 2908; baseline 0.002 -14"><span class='ocrx_word' id='word_1_275' title='bbox 47 2902 51 2907; x_wconf 42' lang='grc'><em>,</em></span> <span class='ocrx_word' id='word_1_276' title='bbox 99 2854 189 2895; x_wconf 89' lang='grc'><strong>159</strong></span> <span class='ocrx_word' id='word_1_277' title='bbox 216 2853 222 2907; x_wconf 92' lang='grc' dir='ltr'>Ι</span> <span class='ocrx_word' id='word_1_278' title='bbox 249 2850 446 2907; x_wconf 86' lang='lat' dir='ltr'><strong>philetes</strong></span> <span class='ocrx_word' id='word_1_279' title='bbox 478 2855 515 2893; x_wconf 81' lang='lat' dir='ltr'>A</span> <span class='ocrx_word' id='word_1_280' title='bbox 546 2856 585 2894; x_wconf 83' lang='lat' dir='ltr'><strong>c.</strong></span> <span class='ocrx_word' id='word_1_281' title='bbox 611 2853 626 2908; x_wconf 88' lang='grc' dir='ltr'><strong>ΙΙ</strong></span> <span class='ocrx_word' id='word_1_282' title='bbox 650 2857 736 2896; x_wconf 88' lang='grc'>264</span> <span class='ocrx_word' id='word_1_283' title='bbox 766 2853 856 2897; x_wconf 87' lang='lat' dir='ltr'><strong>tibi</strong></span> <span class='ocrx_word' id='word_1_284' title='bbox 886 2855 951 2898; x_wconf 79' lang='lat' dir='ltr'><strong>ed.</strong></span> <span class='ocrx_word' id='word_1_285' title='bbox 988 2855 1249 2898; x_wconf 76' lang='lat' dir='ltr'><strong>Parmensis</strong></span> 
     </span>
    </p>
   </div>
   <div class='ocr_carea' id='block_1_6' title="bbox 33 2940 76 3106">
    <p class='ocr_par' dir='ltr' id='par_1_10' title="bbox 33 2927 1437 3106">
     <span class='ocr_line' id='line_1_46' title="bbox 33 2940 76 3106; baseline 0.001 0"><span class='ocrx_word' id='word_1_286' title='bbox 33 2940 76 3106; x_wconf 73' lang='lat' dir='ltr'><strong>l</strong></span> 
     </span>
    </p>
   </div>
  </div>
 </body>
</html>
