1988 3106
202 169 308 222 100
810 171 860 213 P.
891 170 1119 213 PAPINII
1151 170 1352 236 STATJI

197 287 418 341 Uisibus
457 289 734 357 auratique
772 290 927 357 putes
966 289 1240 357 laquearia
1277 290 1422 342 caeli.

198 361 302 414 Hic
341 380 461 415 cum
500 361 789 414 Romuleos
828 379 1073 430 proceres
1111 363 1459 432 trabeataque
1498 361 1694 417 Caesar

198 435 436 504 Agmina
474 436 617 487 mille
658 435 816 487 simul
855 435 1012 488 iussit
1051 436 1382 489 discumbere
1421 438 1634 505 mensiS,

198 509 325 577 Ipsa
365 509 511 561 sinus
551 509 790 561 accincta
828 506 988 561 Ceres
1026 507 1373 579 Bacchusque
1410 510 1659 563 laborant

200 580 465 634 Sufficere.
542 582 766 633 aetherii
803 582 930 634 felix
956 582 1044 635 ‘sic
1084 582 1262 635 orbita
1298 583 1450 636 fluxit
1899 599 1955 640 35

199 655 537 724 Triptolemi,
577 655 651 707 sic
688 655 904 707 uitifero
945 656 1044 708 sub
1081 656 1306 724 palmite
1341 657 1511 710 nudos

198 727 487 780 Umbrauit
525 729 685 781 colles
725 731 777 780 et
816 728 998 781 sobria
1035 748 1160 781 rura
1197 729 1424 798 Lyaeus

200 801 305 854 Sed
342 802 476 853 mihi
514 820 626 854 non
664 803 847 870 epulas
884 801 1136 871 Indisque
1174 803 1357 856 innixa
1395 804 1657 856 columnis

196 875 416 928 Robora
452 875 762 927 Maurorum
799 876 1134 945 famulasque
1173 894 1238 928 ex
1276 877 1462 929 ordine
1498 880 1727 947 turmas,

197 948 395 1016 Ipsum,
433 949 608 1016 ipsum
641 948 832 1017 cupido
870 952 1084 1001 tantum
1124 952 1361 1018 spectare
1399 951 1612 1003 uacauit
1903 965 1960 1004 40

198 1021 570 1090 Tranquillum
607 1023 793 1075 uultus·
831 1025 884 1074 et
921 1024 1198 1075 maiestate
1239 1041 1425 1075 serena

196 1094 520 1147 Mulcentem
557 1096 734 1148 radios
774 1097 1297 1165 summittentemque
1335 1096 1572 1150 modeste

197 1167 468 1220 Fortunae
510 1170 705 1221 uexilla
744 1187 892 1235 suae3
932 1172 1113 1221 tamen
1153 1187 1243 1222 ore
1281 1170 1493 1222 nitebat

196 1240 577 1294 Dissimulatus
616 1242 805 1295 honos.
879 1243 1043 1295 talem
1083 1260 1292 1312 quoque
1322 1243 1584 1296 barbarus
1622 1244 1794 1297 hostis

197 1314 390 1367 Posset
428 1318 482 1367 et
518 1316 734 1385 ignotae
774 1320 1119 1383 conspectum
1157 1333 1444 1386 agnoscere
1480 1320 1682 1386 gentes.
1904 1331 1960 1371 45

196 1387 323 1441 Non
361 1389 517 1440 aliter
555 1389 732 1459 gelida
769 1388 1056 1472 Rhodopes
1094 1389 1152 1442 in
1190 1390 1331 1442 ualle
1368 1390 1630 1443 recumbit

197 1460 448 1514 Dimissis
488 1461 754 1514 Gradiuus
795 1463 967 1531 equis3
1009 1463 1084 1515 sic
1121 1463 1327 1516 lubrica
1364 1464 1520 1531 ponit

196 1534 442 1587 Membra
480 1535 829 1603 Therapnaea
866 1536 1132 1587 resolutus
1172 1537 1439 1605 gymnade
1478 1536 1685 1605 Pollux,

200 1607 287 1660 Sic
325 1608 465 1660 iacet
503 1608 569 1659 ad
609 1602 836 1677 Gangen
872 1607 1019 1660 Indis
1057 1609 1387 1662 ululantibus
1425 1609 1635 1677 Euhan,

200 1679 286 1734 Sic
326 1681 509 1749 grauis
548 1681 765 1734 Alcides
804 1685 929 1749 post
965 1681 1181 1734 horrida
1218 1683 1365 1735 iussa
1401 1700 1648 1736 reuersus
1904 1696 1962 1736 50

200 1753 480 1806 Gaudebat
518 1757 687 1807 strato
727 1755 868 1806 latus
909 1755 1176 1807 adclinare
1215 1755 1373 1808 leoni.

197 1827 376 1879 Parua
412 1828 604 1896 loquor
641 1828 868 1880 necdum
907 1846 1074 1897 aequo
1111 1832 1250 1898 tuOS,
1288 1828 1606 1883 Germanice
1658 1829 1861 1882 uultus:

160 1964 166 1970 ⁴
199 1901 362 1969 Talis,
400 1902 493 1953 ubi
532 1901 729 1954 Oceani
765 1902 926 1953 finem
965 1919 1282 1971 mensasque
1319 1903 1507 1956 reuisit

198 1973 527 2042 Aethiopum
569 1993 748 2027 sacros
787 1975 1009 2027 diffusus
1046 1977 1263 2027 nectare
1301 1976 1482 2029 uultus

198 2046 323 2099 Dux
361 2066 627 2116 superum,
666 2051 868 2100 secreta
903 2048 1052 2100 iubet
1088 2048 1214 2101 dare
1251 2049 1488 2102 carmina
1523 2048 1707 2102 Musas
1904 2052 1988 2106 552.

198 2120 274 2173 Et
310 2120 624 2174 Pallenaeos
654 2120 932 2174 Phoebum
970 2121 1186 2174 laudare
1223 2122 1541 2191 triumphos,
1959 2125 1961 2128 ’

199 2194 271 2247 Di
309 2195 411 2246 tibi
450 2194 704 2263 (namque
743 2196 947 2247 animas
987 2213 1145 2264 saepe
1182 2195 1431 2248 exaudire
1468 2196 1702 2249 minores

199 2267 487 2336 Dicuntur)
519 2269 726 2336 patriae
763 2268 847 2320 bis
885 2271 1071 2351 terque
1110 2269 1250 2335 exire
1288 2271 1530 2322 senectae

200 2340 504 2393 Annuerint
540 2341 694 2393 fines!
735 2344 855 2393 rata
892 2342 1113 2394 numina
1149 2342 1359 2395 miseris
1398 2342 1573 2407 astriS,
1987 2383 1988 2398 ,

200 2413 523 2482 Templaque
548 2413 639 2466 des
663 2414 978 2482 habitesque
1003 2414 1210 2467 domos!
1251 2433 1410 2484 saepe
1435 2432 1613 2467 annua
1634 2414 1840 2484 pandas
1903 2426 1962 2468 60

200 2486 426 2556 Limina,
467 2505 623 2555 saepe
661 2505 802 2540 nouo
841 2487 1031 2539 Ianum
1069 2488 1257 2540 lictore
1297 2488 1512 2556 saluteS,

318 2680 376 2719 34
412 2675 596 2720 laborat
632 2679 669 2717 A
709 2680 758 2730 c,
797 2688 910 2722 corr
943 2690 971 2717 a
992 2677 1008 2731 ΙΙ
1031 2679 1089 2719 35
1118 2675 1284 2719 Actaei
1313 2675 1535 2720 Heinsius
1568 2676 1585 2731 ΙΙ
1617 2679 1674 2720 38
1705 2674 1889 2720 Indisue
1919 2676 1976 2720 ὠ

200 2739 256 2778 39
290 2734 548 2778 famulasue
592 2735 764 2778 Markl.
811 2733 827 2793 Η
871 2738 926 2778 41
959 2733 1094 2777 uultu
1131 2734 1211 2778 sed
1242 2737 1279 2776 A
1310 2739 1360 2787 0,
1399 2747 1512 2778 corr.
1547 2734 1813 2779 Politianus
1849 2736 1864 2791 ΙΙ
1903 2736 1963 2783 5⁸1

200 2794 324 2898 icqs'sra
349 2806 580 2895 pouercae
613 2793 785 2837 Markl.
832 2791 849 2851 Η
891 2796 949 2836 54
979 2804 1132 2837 sacros
1163 2793 1216 2836 3:
1248 2805 1377 2838 sacro
1408 2797 1438 2834 c
1468 2792 1609 2846 81161
1643 2792 1842 2837 Lumina
1866 2797 1893 2835 c
1918 2790 1988 2882 a}
