1976 3094
639 167 981 216 THEBAIDOS
1012 169 1123 216 LIB.
1157 170 1233 216 IV.
1687 170 1790 225 107

179 293 375 350 Stabat
411 291 570 362 inops
611 291 870 345 comitum
910 290 1101 362 Cocyti
1139 293 1196 346 in
1235 293 1394 347 litore
1435 296 1642 347 maesto
1744 311 1748 317 ’

32 382 35 397 ’
97 368 290 439 Laius,
328 366 527 422 immiti
567 383 725 436 quem
765 366 875 419 iam
914 366 1045 420 deus
1086 368 1199 420 ales
1240 366 1457 421 Averno
1707 380 1793 422 605

103 441 451 511 Reddiderat,
492 440 773 510 dirumque
813 444 970 495 tuens
1012 441 1232 511 obliqua
1271 445 1526 511 nepotem

42 546 44 553 ι
130 515 323 572 Noseit
361 514 506 569 enim
544 515 723 585 vultu)
763 533 873 568 non
913 515 1009 569 ille
1049 519 1142 569 aut
1184 517 1465 588 sanguinis
1505 517 1756 586 haustae,

151 593 299 647 etera
336 607 432 645 eeu
469 588 681 660 plebes,
721 589 955 643 aliumve
994 590 1201 643 accedit
1240 591 1308 644 ad
1348 591 1599 661 imbrem,

32 680 34 736 ζ
98 664 415 722 ‘Immortale
457 663 640 717 odium
682 663 912 734 spirans.
989 662 1093 717 Sed
1133 665 1349 734 prolicit
1387 665 1532 720 ultro

87 739 312 804 ⁴Aonius
352 740 528 793 vates:
570 735 789 807 ‘Tyriae
829 738 935 791 dux
973 738 1159 792 inclite
1201 739 1436 809 Thebe8‚
1708 752 1795 795 610

85 812 267 870 {Cuius
308 812 376 867 ab
417 811 641 866 interitu
680 830 790 865 non
830 813 942 866 ulla
981 813 1304 882 Amphionis
1345 832 1495 868 arces

32 897 33 902 ’
102 888 258 944 Vidit
295 887 471 945 amica
509 886 645 956 diest,
685 904 716 939 o
756 886 867 940 iam
908 887 1040 940 satis
1081 887 1191 941 ulte
1232 892 1512 942 cruentum

102 961 349 1018 Exitium
390 964 444 1015 et
481 962 712 1015 multum
750 961 965 1031 placata
1004 962 1304 1015 minoribus
1346 963 1560 1028 umbra,

98 1036 222 1102 Quo
263 1034 566 1090 miserande
605 1034 788 1106 fugis?
850 1034 998 1089 Iacet
1037 1035 1130 1088 ille
1171 1041 1224 1088 in
1262 1035 1449 1090 funere
1488 1037 1677 1106 longo,

106 1110 275 1176 Quem
317 1108 524 1175 fremis,
565 1111 618 1163 et
656 1109 873 1163 iunctae
914 1110 1080 1162 sentit
1118 1110 1351 1164 confinia
1393 1111 1607 1180 mortis,
1708 1123 1796 1164 615

105 1184 330 1240 Obsitus
371 1183 662 1237 exhaustos
702 1183 934 1253 paedore
976 1187 1031 1237 et
1070 1184 1332 1254 sanguine
1373 1184 1556 1238 vultus

101 1259 427 1329 Eiectusque
468 1258 574 1311 die:
614 1276 731 1312 sors
772 1258 882 1311 leto
923 1258 1107 1311 durior
1148 1259 1315 1327 omni,

32 1358 33 1367 ¹
67 1394 70 1395 ⁷
100 1332 276 1389 Crede
315 1332 472 1386 mihi!
514 1332 791 1395 Quaenam
831 1332 1163 1385 immeritum
1204 1333 1375 1386 vitare
1415 1337 1670 1402 nepotem

98 1405 284 1462 Causa
321 1406 460 1460 tibi‘?
505 1405 688 1460 confer
725 1406 939 1460 vultum
980 1409 1036 1460 et
1075 1407 1272 1460 satiare
1313 1406 1495 1460 litanti

105 1480 380 1553 Sanguine
420 1483 782 1550 venturasque
822 1481 965 1534 vices
1008 1484 1062 1533 et
1100 1480 1293 1534 funera
1332 1481 1464 1534 belli
1708 1494 1794 1535 620

102 1555 284 1610 Pande
323 1555 408 1610 vel
446 1554 687 1608 infensus
727 1555 812 1608 vel
851 1573 935 1608 res
977 1555 1229 1608 miserate
1268 1558 1501 1608 tuorum.

32 1674 33 1679 ,
103 1629 258 1685 Tune
297 1645 397 1700 ego
437 1633 492 1683 et
531 1631 719 1699 optata
758 1630 985 1683 vetitam
1024 1630 1400 1683 transmittere
1440 1628 1648 1691 Lethen

103 1702 288 1775 Puppe
327 1703 467 1757 dabo
505 1703 882 1774 placidumque
922 1703 1013 1774 pia
1051 1704 1246 1757 tellure
1284 1722 1542 1773 reponam

102 1777 181 1832 Et
218 1775 424 1849 Stygiis
464 1778 733 1832 mandabo
773 1777 921 1831 deis?
999 1777 1270 1832 Muloetur
1310 1778 1534 1832 honoris
1848 1776 1876 1803 ⁰

104 1850 418 1908 Muneribus
457 1851 728 1922 tingitque
768 1870 933 1923 genas
943 1895 956 1923 ‚
994 1852 1117 1906 dein
1155 1853 1290 1907 talia
1328 1852 1529 1906 reddit:
1709 1865 1794 1906 625

31 1984 58 1992 Η
110 1923 242 1979 ‘Cur
277 1924 382 1978 tibi
418 1927 658 1979 versanti
696 1943 907 1993 maneS‚
947 1945 1217 1996 aequaeve
1259 1927 1510 1981 sacerdos
1520 1968 1535 1995 ,

31 2000 33 2002 ’
105 1999 302 2053 Lectus
342 2016 443 2071 ego
489 1999 715 2070 augurio
754 2001 1029 2070 tantisque
1067 2001 1386 2070 potissimus
1427 2001 1657 2068 umbriS,

106 2073 212 2137 Qui
253 2075 478 2126 ventura
514 2072 743 2143 loquar?
785 2074 919 2127 satis
960 2077 1044 2127 est
1082 2075 1395 2129 meminisse
1434 2075 1691 2144 priorum.

106 2146 381 2203 Nosti-ane
419 2147 706 2216 praeclari,
744 2147 966 2216 pudeat,
1007 2149 1255 2201 consulta
1293 2152 1522 2218 nepotes

107 2219 376 2275 Posoitis‘?
413 2220 602 2291 Illum,
640 2221 794 2274 illum
834 2222 1002 2275 saeris
1043 2222 1293 2275 adhibete
1332 2222 1581 2291 nefastiS,
1712 2236 1799 2276 630

44 2341 46 2346 .
108 2294 213 2358 Qui
252 2295 398 2349 laeto
436 2294 578 2348 fodit
618 2313 742 2348 ense
781 2299 1017 2366 patrem,
1057 2296 1151 2366 qui
1191 2300 1362 2350 semet
1399 2297 1457 2348 in
1497 2300 1648 2350 ortus

102 2367 289 2423 Vertit
329 2372 383 2422 et
420 2369 675 2438 indignae
713 2371 918 2440 regerit
955 2389 1053 2423 sua
1089 2371 1321 2441 pignora
1360 2370 1537 2424 matri.

18 2439 22 2446 Χ
109 2441 185 2498 Et
222 2461 364 2497 nune
405 2443 498 2497 ille
538 2443 665 2497 deos
704 2442 1092 2514 Furiarumque
1134 2448 1253 2498 atra
1292 2445 1493 2517 fatigat

106 2514 351 2572 Oonoilia
390 2520 442 2570 et
481 2520 698 2571 nostros
738 2522 897 2588 rogat
934 2518 1066 2572 haee
1105 2520 1161 2572 in
1199 2520 1407 2589 proelia
1445 2537 1648 2573 manee.

230 2725 315 2767 607
341 2721 467 2766 enim
489 2721 537 2766 in
562 2722 696 2766 vultu
719 2727 752 2765 P
775 2723 790 2779 11
815 2727 899 2769 609
923 2723 1121 2781 proligit
1144 2729 1176 2767 P
1201 2724 1328 2769 Dan.
1354 2726 1369 2780 ΙΙ
1394 2728 1479 2769 613
1504 2722 1712 2767 Exilium
1734 2729 1767 2766 P
1784 2724 1798 2781 ἐξ

110 2784 204 2826 614
236 2779 335 2835 Quo
359 2786 442 2825 ΡΗ
465 2782 592 2827 Laid.
623 2781 747 2835 Quos
771 2783 962 2826 BG²SM
984 2785 1000 2841 ss
1025 2789 1109 2828 615
1134 2783 1294 2827 fremis
1320 2788 1353 2826 P
1377 2784 1602 2828 Heinsius
1625 2781 1798 2840 premis

24 2884 27 2902 ᾗ
111 2841 244 2886 oeten?
271 2841 288 2898 11
319 2845 403 2886 616
437 2840 688 2885 exhaustos
720 2842 809 2886 116
819 2846 846 2884 S
875 2857 957 2888 sec.
991 2857 1047 2887 m.
1083 2844 1298 2888 exaustos
1331 2847 1366 2884 G
1399 2842 1627 2886 exhausto
1659 2847 1693 2886 P
1724 2856 1800 2887 ex-

25 2907 28 2931 *
109 2896 303 2944 haustus
333 2900 471 2943 3028
502 2915 572 2958 pr.
606 2915 662 2946 m.
694 2905 739 2944 Π
761 2901 775 2958 ΙΙ
801 2906 884 2947 625
916 2901 1187 2959 tinguitque
1218 2906 1384 2945 1²le1
1413 2903 1419 2960 Ι
1448 2900 1592 2946 dehin
1622 2907 1649 2944 S
