1976 3126
669 627 735 686 P.
784 627 1092 687 PAPINII
1140 626 1404 713 STATII

590 757 1469 845 THEBAIDOS

823 934 1106 988 LIBER
1157 934 1250 989 XI.

263 1156 561 1227 Postquam
600 1157 981 1226 magnanimus
1021 1157 1192 1211 furias
1231 1156 1449 1210 virtutis
1488 1156 1706 1226 iniquae

190 1229 542 1300 Consumpsit
581 1229 868 1300 Capaneus
909 1231 1281 1301 expiravitque
1320 1233 1598 1300 receptum

186 1304 442 1375 Fulmen,
482 1308 537 1358 et
577 1305 643 1358 ad
683 1303 857 1358 terras
896 1306 1060 1375 longe
1101 1305 1362 1359 comitata
1402 1304 1682 1358 cadentem

192 1378 442 1450 Signavit
480 1397 663 1433 muros
703 1379 913 1433 ultricis
954 1379 1148 1433 semita
1187 1379 1461 1434 flammae:

190 1452 482 1522 Componit
520 1453 708 1506 dextra
746 1453 920 1507 victor
959 1472 1221 1508 concussa
1258 1454 1546 1524 plagarum
1853 1465 1878 1505 5

191 1527 438 1597 Iuppiter
478 1530 531 1580 et
570 1526 725 1580 vultu
765 1528 1080 1598 caelumque
1121 1527 1368 1598 diemque
1408 1527 1630 1580 reducit.

191 1601 492 1655 Gratantur
533 1603 733 1670 superi,
771 1601 1039 1672 Phlegrae
1080 1620 1176 1655 ceu
1212 1601 1387 1655 fessus
1429 1600 1646 1653 anhelet

191 1675 407 1728 Proelia
446 1679 499 1728 et
536 1675 808 1729 Encelado
847 1676 1146 1728 fumantem
1184 1674 1522 1745 impresserit
1561 1673 1812 1728 Aetnam.

189 1748 290 1802 Ille
330 1749 470 1802 iacet
508 1749 719 1802 lacerae
759 1750 1069 1819 complexus
1107 1749 1383 1820 fragmina
1419 1748 1608 1816 turriS,

194 1823 402 1876 Torvus
443 1823 616 1876 adhuc
655 1823 776 1876 visu
815 1823 1270 1892 memorandaque
1302 1822 1448 1876 facta
1478 1822 1786 1892 relinquens
1830 1835 1883 1875 10

192 1897 457 1950 Gentibus
499 1900 661 1966 atque
699 1897 808 1966 ipsi
846 1916 956 1950 non
993 1897 1274 1950 inlaudata
1311 1896 1558 1950 Tonanti.

192 1971 437 2034 Quantus
477 1970 799 2040 Apollineae
838 1975 1133 2025 temerator
1171 1971 1363 2024 matris
1403 1970 1620 2024 Averno

190 2044 473 2116 Tenditur3
513 2045 664 2115 ipsae
702 2045 948 2115 horrent,
989 2045 1035 2099 si
1075 2045 1288 2114 quando
1327 2047 1546 2114 pectore
1586 2044 1654 2097 ab
1696 2045 1806 2097 alto

187 2118 520 2190 Emergunt,
558 2120 802 2173 volucres
842 2120 1209 2189 immensaque
1249 2119 1492 2173 membra
1529 2118 1752 2171 iacentis

192 2192 472 2263 Spectant,
512 2192 637 2247 dum
676 2194 904 2247 miserae
945 2196 1190 2247 crescunt
1226 2193 1285 2246 in
1322 2192 1524 2264 pabula
1561 2192 1750 2245 fibrae:
1824 2204 1877 2245 15

191 2266 279 2321 Sic
319 2271 512 2338 gravat
550 2267 777 2321 iniectus
816 2270 990 2321 terras
1029 2267 1360 2337 hostiliaque
1399 2267 1512 2320 urit

191 2343 341 2395 Arva
380 2348 434 2395 et
473 2341 819 2395 anhelantem
859 2342 1078 2395 caelesti
1117 2341 1374 2411 sulphure
1414 2358 1676 2408 campum.

191 2415 486 2485 Respirant
524 2415 766 2485 Thebae,
803 2416 1124 2485 templisque
1162 2415 1396 2470 iacentia
1436 2417 1666 2484 surgunt

191 2489 452 2561 Agmina3
489 2489 599 2541 iam
638 2489 760 2542 finis
799 2490 939 2543 votis
979 2489 1209 2558 finisque
1247 2489 1514 2558 supremis

192 2563 540 2633 PlanctibUS,
581 2566 634 2616 et
671 2566 830 2616 natos
872 2582 1032 2616 ausae
1074 2563 1339 2634 deponere
1378 2566 1593 2615 matres,
1821 2572 1877 2613 20

314 2698 384 2738 20.
421 2694 533 2737 ‘nec
564 2694 702 2738 natos
733 2719 792 2726 —-
822 2693 1026 2738 matres’
1064 2692 1210 2739 Serv.
1244 2692 1306 2738 ad
1337 2693 1451 2739 Aen.
1483 2690 1570 2736 VII
1602 2694 1700 2736 518.

315 2817 340 2855 2
387 2810 734 2868 exspirauitque
774 2817 806 2854 1²
843 2812 858 2868 ΙΙ
899 2816 951 2855 11
1000 2810 1277 2855 illaudanda
1313 2809 1424 2855 Beh.
1465 2809 1690 2853 Heinsius
1727 2821 1750 2852 e
1780 2807 1872 2852 cod.

196 2870 377 2927 Analic.
403 2873 419 2927 ΙΙ
446 2875 498 2915 15
532 2870 848 2927 Spectandum
877 2868 1074 2914 miserae
1106 2875 1138 2912 P
1160 2872 1176 2927 ΙΙ
1199 2875 1256 2914 20
1286 2882 1372 2913 nec
1402 2869 1539 2912 natos
1571 2866 1691 2912 Serv.
