1988 3106
629 194 941 242 SILUARUM
972 194 1023 243 L.
1054 193 1134 251 IV,
1166 198 1205 241 6.
1696 188 1799 245 113

291 315 395 372 Est
431 318 486 370 et
521 315 773 370 frementi
810 332 916 368 uox
953 314 1150 368 habilis
1188 313 1325 383 foro,

292 388 497 445 Uenale
536 388 628 443 sed
665 406 775 443 non
816 387 1084 458 eloquium
1121 386 1245 456 tibi3
1743 395 1801 439 50

380 462 648 532 Ensisque
686 461 886 532 uagina
924 460 1166 531 quiescit,

472 534 747 606 Stringere
786 534 843 587 ni
882 534 1103 587 iubeant
1141 533 1314 587 amici.

297 681 401 737 Sed
436 699 564 736 rura
603 681 750 736 cordi
790 681 1003 750 saepius
1043 683 1098 733 et
1135 680 1301 750 quies,

294 755 451 811 Nunc
488 756 547 810 in
584 755 826 826 paternis
868 754 1080 808 sedibus
1120 756 1175 807 et
1213 753 1327 807 solo

382 827 623 899 Ueiente,
659 846 803 882 nunc
840 827 1095 882 frondosa
1134 844 1296 897 supra
1746 835 1805 878 56

469 901 720 971 Hernica,
757 918 901 954 nunc
940 899 1170 954 Curibus
1208 899 1451 953 uetustis·

295 1047 400 1103 Hic
437 1048 594 1119 plura
631 1065 799 1118 pones
837 1048 1060 1102 uocibus
1100 1050 1155 1100 et
1192 1046 1365 1100 modis

297 1122 469 1176 Passu
509 1122 714 1192 solutiS‚
753 1121 846 1175 sed
884 1139 1088 1175 memor
1125 1120 1341 1174 interim

385 1194 574 1263 Nostri
612 1194 911 1248 uerecundo
950 1195 1210 1247 latentem

479 1267 744 1323 Barbiton
781 1268 1058 1339 ingemina
1098 1268 1196 1320 sub
1235 1269 1409 1320 antro,
1749 1276 1809 1320 60

1446 1481 1470 1505 θ

272 1542 590 1590 HERCULES
621 1543 1059 1590 EPITRAPEZIOS
1091 1542 1267 1589 NONIl
1298 1541 1580 1589 UINDICIS.

39 1689 58 1701 „
121 1698 133 1709 „
180 1659 193 1682 ι
234 1635 597 1689 remittentem
633 1652 788 1688 curas
826 1634 1151 1704 Phoeboque
1189 1634 1426 1686 leuatum

123 1719 133 1768 j
180 1726 277 1778 ·ra,
314 1726 435 1762 cum
472 1707 672 1778 patulis
710 1710 939 1761 tererem
977 1725 1153 1778 uagus
1192 1707 1304 1759 otia
1343 1706 1545 1775 saeptis

111 1837 113 1840 ,
193 1781 454 1835 moriente
492 1781 592 1851 die,
629 1781 808 1851 rapuit
845 1799 930 1834 me
969 1798 1101 1834 cena
1139 1780 1361 1850 benigni

127 1854 297 1909 dicis,
350 1854 481 1909 haec
518 1855 658 1908 imos
697 1854 861 1908 animi
898 1855 1149 1923 perlapsa
1186 1870 1427 1906 recessus

124 1931 428 2045 ismumpta
463 1930 660 1982 manet.
716 1945 890 1998 neque
929 1928 1072 1981 enim
1110 1926 1343 1980 ludibria
1379 1926 1587 1980 uentris
1787 1939 1814 1980 5

176 2001 335 2055 :imus
374 2003 468 2055 aut
504 2001 688 2071 epulas
727 2001 939 2054 diuerso
978 2019 1007 2054 e
1046 2001 1158 2054 sole
1195 2000 1393 2069 petitas

131 2021 290 2193 {aque
328 2075 599 2144 perpetuis
639 2092 771 2128 aeuo
811 2074 1072 2128 certantia
1107 2074 1278 2126 fastis

164 2148 329 2201 ssserix
369 2165 503 2217 quos
540 2165 698 2202 nosse
737 2147 904 2217 iuuat,
941 2147 1070 2217 quid
1107 2146 1355 2199 Phasidis
1395 2146 1506 2199 ales

134 2175 227 2307 {net
264 2221 332 2275 ab
369 2220 600 2274 hiberna
638 2220 925 2289 Rhodopes
965 2237 1112 2291 grue,
1151 2220 1270 2289 quis
1309 2219 1485 2289 magis
1526 2236 1685 2273 anser

169 2294 380 2359 ferat,
418 2311 513 2348 cur
549 2293 754 2347 Tuscus
794 2312 920 2363 aper
959 2293 1272 2365 generosior
1307 2292 1538 2361 UmbrO‚
1763 2305 1817 2346 ιο

78 2373 91 2410 1
151 2367 280 2422 ·rica
317 2385 423 2437 qua
458 2368 717 2421 recubent
753 2367 1035 2436 conchylia
1071 2366 1287 2420 mollius
1325 2367 1464 2435 alga.

74 2444 165 2492 T«
157 2440 224 2494 is
260 2458 420 2502 uerus
459 2458 610 2494 amor
648 2441 926 2510 medioque
965 2440 1224 2494 Helicone
1262 2440 1463 2508 petitus

71 2184 76 2191 .

76 2253 85 2261 „

209 2657 490 2715 frequenti
521 2657 695 2704 Markl.
723 2660 730 2712 Ι
755 2657 926 2702 habilis
956 2658 1096 2702 idem:
1126 2657 1289 2702 hilaris
1321 2661 1350 2699 c
1382 2672 1410 2700 a
1447 2658 1463 2713 ΙΙ
1509 2661 1564 2701 52
1597 2655 1647 2700 ni
1678 2659 1730 2700 ⁴3:
1762 2669 1821 2701 ne

156 2674 264 2820 Ξϋϋ
292 2717 427 2762 Nunc
455 2717 506 2762 in
537 2721 566 2761 ς
599 2731 645 2760 a:
685 2716 819 2761 Nunc
850 2717 897 2760 et
926 2715 976 2760 in
1007 2720 1035 2758 c
1069 2718 1085 2773 u
1123 2721 1178 2761 57
1211 2716 1346 2772 ponis
1376 2715 1510 2760 Dom.
1534 2718 1550 2771 ss
1588 2719 1645 2759 58
1676 2715 1822 2760 Passu

238 2775 474 2844 :Passum
504 2777 577 2820 uel
607 2775 786 2819 Passim
816 2779 846 2817 0
876 2775 1057 2819 Passim
1087 2790 1115 2817 a
1136 2775 1152 2831 ΙΙ
1176 2779 1233 2819 60
1263 2774 1525 2831 ingeminas
1557 2778 1585 2815 c
1617 2789 1646 2816 a

190 2839 200 2850 ⁷
236 2864 249 2879 ,
293 2833 422 2936 nimai
450 2835 521 2879 ita
549 2837 606 2878 A:
638 2834 749 2879 noui
771 2837 801 2875 c
832 2833 975 2878 Nouii
1005 2833 1102 2879 edd.
1137 2835 1154 2890 ΙΙ
1192 2838 1217 2878 5
1250 2835 1407 2878 manet
1437 2835 1494 2876 A:
1527 2833 1717 2877 manent
1746 2837 1776 2875 c
1805 2832 1822 2891 Η

211 2904 283 2937 :a

117 2998 121 3004 .
168 2979 284 3007 nvn
306 2973 469 3008 Smmm.
1434 2968 1462 3008 8

0 2681 31 2890 332'3'3
