<?xml version="1.0" encoding="UTF-8"?>
<!DOCTYPE html PUBLIC "-//W3C//DTD XHTML 1.0 Transitional//EN"
    "http://www.w3.org/TR/xhtml1/DTD/xhtml1-transitional.dtd">
<html xmlns="http://www.w3.org/1999/xhtml" xml:lang="en" lang="en">
 <head>
  <title>
</title>
<meta http-equiv="Content-Type" content="text/html;charset=utf-8" />
  <meta name='ocr-system' content='tesseract 3.04.00' />
  <meta name='ocr-capabilities' content='ocr_page ocr_carea ocr_par ocr_line ocrx_word'/>
</head>
<body>
  <div class='ocr_page' id='page_1' title='image "./operapapinius12statuoft_0273.png"; bbox 0 0 2020 3106; ppageno 0'>
   <div class='ocr_carea' id='block_1_1' title="bbox 666 123 1792 182">
    <p class='ocr_par' dir='ltr' id='par_1_1' title="bbox 666 123 1792 182">
     <span class='ocr_line' id='line_1_1' title="bbox 666 123 1792 182; baseline -0.001 -12"><span class='ocrx_word' id='word_1_1' title='bbox 666 123 1010 171; x_wconf 79' lang='lat' dir='ltr'>THEBAmos</span> <span class='ocrx_word' id='word_1_2' title='bbox 1041 125 1150 171; x_wconf 70' lang='grc' dir='ltr'>ΜΒ.</span> <span class='ocrx_word' id='word_1_3' title='bbox 1184 125 1216 170; x_wconf 91' lang='lat'>1.</span> <span class='ocrx_word' id='word_1_4' title='bbox 1759 129 1792 182; x_wconf 90' lang='lat'>3</span> 
     </span>
    </p>
   </div>
   <div class='ocr_carea' id='block_1_2' title="bbox 26 245 1795 2093">
    <p class='ocr_par' dir='ltr' id='par_1_2' title="bbox 106 245 1469 317">
     <span class='ocr_line' id='line_1_2' title="bbox 106 245 1469 317; baseline 0 -16"><span class='ocrx_word' id='word_1_5' title='bbox 106 247 181 302; x_wconf 84' lang='lat' dir='ltr'>Et</span> <span class='ocrx_word' id='word_1_6' title='bbox 219 245 406 301; x_wconf 84' lang='lat' dir='ltr'>Thetis</span> <span class='ocrx_word' id='word_1_7' title='bbox 447 249 658 301; x_wconf 83' lang='lat' dir='ltr'>arentes</span> <span class='ocrx_word' id='word_1_8' title='bbox 699 246 982 301; x_wconf 90' lang='lat' dir='ltr'>adsuetum</span> <span class='ocrx_word' id='word_1_9' title='bbox 1023 247 1286 317; x_wconf 86' lang='lat' dir='ltr'>stringere</span> <span class='ocrx_word' id='word_1_10' title='bbox 1324 248 1469 317; x_wconf 87' lang='lat' dir='ltr'>ripas</span> 
     </span>
    </p>

    <p class='ocr_par' dir='ltr' id='par_1_3' title="bbox 109 319 1795 391">
     <span class='ocr_line' id='line_1_3' title="bbox 109 319 1795 391; baseline 0.001 -15"><span class='ocrx_word' id='word_1_11' title='bbox 109 319 339 376; x_wconf 88' lang='lat' dir='ltr'>Horruit</span> <span class='ocrx_word' id='word_1_12' title='bbox 375 319 586 391; x_wconf 77' lang='lat' dir='ltr'>ingenti</span> <span class='ocrx_word' id='word_1_13' title='bbox 627 321 931 375; x_wconf 81' lang='lat' dir='ltr'>venientem</span> <span class='ocrx_word' id='word_1_14' title='bbox 970 320 1222 375; x_wconf 90' lang='lat' dir='ltr'>Ismenon</span> <span class='ocrx_word' id='word_1_15' title='bbox 1262 339 1470 376; x_wconf 64' lang='lat' dir='ltr'>acerva</span> <span class='ocrx_word' id='word_1_16' title='bbox 1739 338 1795 378; x_wconf 76' lang='lat'>40</span> 
     </span>
    </p>

    <p class='ocr_par' dir='ltr' id='par_1_4' title="bbox 112 392 1690 465">
     <span class='ocr_line' id='line_1_4' title="bbox 112 392 1690 465; baseline 0.001 -16"><span class='ocrx_word' id='word_1_17' title='bbox 112 394 282 459; x_wconf 85' lang='lat' dir='ltr'>Quem</span> <span class='ocrx_word' id='word_1_18' title='bbox 319 393 470 465; x_wconf 85' lang='lat' dir='ltr'>prius</span> <span class='ocrx_word' id='word_1_19' title='bbox 508 394 756 463; x_wconf 88' lang='lat' dir='ltr'>heroum,</span> <span class='ocrx_word' id='word_1_20' title='bbox 797 392 940 464; x_wconf 86' lang='lat' dir='ltr'>Clio,</span> <span class='ocrx_word' id='word_1_21' title='bbox 980 394 1173 449; x_wconf 80' lang='lat' dir='ltr'>dabis?</span> <span class='ocrx_word' id='word_1_22' title='bbox 1213 395 1541 450; x_wconf 89' lang='lat' dir='ltr'>inmodicum</span> <span class='ocrx_word' id='word_1_23' title='bbox 1579 395 1690 451; x_wconf 88' lang='lat' dir='ltr'>irae</span> 
     </span>
    </p>

    <p class='ocr_par' dir='ltr' id='par_1_5' title="bbox 108 466 1423 539">
     <span class='ocr_line' id='line_1_5' title="bbox 108 466 1423 539; baseline 0.001 -17"><span class='ocrx_word' id='word_1_24' title='bbox 108 466 328 539; x_wconf 80' lang='lat' dir='ltr'>Tydea?</span> <span class='ocrx_word' id='word_1_25' title='bbox 366 468 624 539; x_wconf 81' lang='lat' dir='ltr'>laurigeri</span> <span class='ocrx_word' id='word_1_26' title='bbox 665 469 872 523; x_wconf 88' lang='lat' dir='ltr'>subitos</span> <span class='ocrx_word' id='word_1_27' title='bbox 913 487 982 522; x_wconf 92' lang='lat' dir='ltr'>an</span> <span class='ocrx_word' id='word_1_28' title='bbox 1022 469 1161 523; x_wconf 84' lang='lat' dir='ltr'>vatis</span> <span class='ocrx_word' id='word_1_29' title='bbox 1201 469 1423 523; x_wconf 80' lang='lat' dir='ltr'>hiatus?</span> 
     </span>
    </p>

    <p class='ocr_par' dir='ltr' id='par_1_6' title="bbox 107 540 1561 613">
     <span class='ocr_line' id='line_1_6' title="bbox 107 540 1561 613; baseline 0.001 -17"><span class='ocrx_word' id='word_1_30' title='bbox 107 540 280 613; x_wconf 82' lang='lat' dir='ltr'>Urget</span> <span class='ocrx_word' id='word_1_31' title='bbox 319 545 374 597; x_wconf 88' lang='lat' dir='ltr'>et</span> <span class='ocrx_word' id='word_1_32' title='bbox 411 541 667 597; x_wconf 79' lang='lat' dir='ltr'>hostilem</span> <span class='ocrx_word' id='word_1_33' title='bbox 707 542 1015 613; x_wconf 82' lang='lat' dir='ltr'>propellens</span> <span class='ocrx_word' id='word_1_34' title='bbox 1057 543 1307 597; x_wconf 86' lang='lat' dir='ltr'>caedibus</span> <span class='ocrx_word' id='word_1_35' title='bbox 1348 562 1561 598; x_wconf 86' lang='lat' dir='ltr'>amnem</span> 
     </span>
    </p>

    <p class='ocr_par' dir='ltr' id='par_1_7' title="bbox 108 614 1688 687">
     <span class='ocr_line' id='line_1_7' title="bbox 108 614 1688 687; baseline 0.002 -18"><span class='ocrx_word' id='word_1_36' title='bbox 108 614 376 670; x_wconf 82' lang='lat' dir='ltr'><strong>Turbidus</strong></span> <span class='ocrx_word' id='word_1_37' title='bbox 415 614 818 687; x_wconf 87' lang='lat' dir='ltr'>Hippomedon,</span> <span class='ocrx_word' id='word_1_38' title='bbox 857 616 1223 687; x_wconf 85' lang='lat' dir='ltr'>plorandaque</span> <span class='ocrx_word' id='word_1_39' title='bbox 1263 618 1406 672; x_wconf 89' lang='lat' dir='ltr'>bella</span> <span class='ocrx_word' id='word_1_40' title='bbox 1446 620 1688 687; x_wconf 77' lang='lat' dir='ltr'>protervi</span> 
     </span>
    </p>

    <p class='ocr_par' dir='ltr' id='par_1_8' title="bbox 109 688 1792 834">
     <span class='ocr_line' id='line_1_8' title="bbox 109 688 1792 761; baseline 0.001 -17"><span class='ocrx_word' id='word_1_41' title='bbox 109 689 347 744; x_wconf 86' lang='lat' dir='ltr'>Arcados</span> <span class='ocrx_word' id='word_1_42' title='bbox 387 692 549 761; x_wconf 87' lang='lat' dir='ltr'>atque</span> <span class='ocrx_word' id='word_1_43' title='bbox 589 690 698 744; x_wconf 84' lang='lat' dir='ltr'>alio</span> <span class='ocrx_word' id='word_1_44' title='bbox 739 688 1022 760; x_wconf 84' lang='lat' dir='ltr'>Capaneus</span> <span class='ocrx_word' id='word_1_45' title='bbox 1062 691 1284 745; x_wconf 90' lang='lat' dir='ltr'>horrore</span> <span class='ocrx_word' id='word_1_46' title='bbox 1325 692 1609 746; x_wconf 76' lang='lat' dir='ltr'>canenduS.</span> <span class='ocrx_word' id='word_1_47' title='bbox 1737 707 1792 746; x_wconf 78' lang='lat'>45</span> 
     </span>
     <span class='ocr_line' id='line_1_9' title="bbox 179 762 1522 834; baseline 0.001 -17"><span class='ocrx_word' id='word_1_48' title='bbox 179 762 356 834; x_wconf 80' lang='lat' dir='ltr'>Impia</span> <span class='ocrx_word' id='word_1_49' title='bbox 389 763 499 818; x_wconf 92' lang='lat' dir='ltr'>iam</span> <span class='ocrx_word' id='word_1_50' title='bbox 536 764 733 818; x_wconf 87' lang='lat' dir='ltr'>merita</span> <span class='ocrx_word' id='word_1_51' title='bbox 773 768 1045 819; x_wconf 83' lang='lat' dir='ltr'>scrutatus</span> <span class='ocrx_word' id='word_1_52' title='bbox 1086 765 1293 819; x_wconf 89' lang='lat' dir='ltr'>lumina</span> <span class='ocrx_word' id='word_1_53' title='bbox 1332 765 1522 820; x_wconf 84' lang='lat' dir='ltr'>dextra</span> 
     </span>
    </p>

    <p class='ocr_par' dir='ltr' id='par_1_9' title="bbox 102 835 1476 910">
     <span class='ocr_line' id='line_1_10' title="bbox 102 835 1476 910; baseline 0.001 -19"><span class='ocrx_word' id='word_1_54' title='bbox 102 835 366 892; x_wconf 73' lang='lat' dir='ltr'>Merserat</span> <span class='ocrx_word' id='word_1_55' title='bbox 405 840 626 892; x_wconf 87' lang='lat' dir='ltr'>aeterna</span> <span class='ocrx_word' id='word_1_56' title='bbox 666 839 980 892; x_wconf 89' lang='lat' dir='ltr'>damnatum</span> <span class='ocrx_word' id='word_1_57' title='bbox 1019 843 1176 893; x_wconf 91' lang='lat' dir='ltr'>nocte</span> <span class='ocrx_word' id='word_1_58' title='bbox 1216 839 1476 910; x_wconf 87' lang='lat' dir='ltr'>pudorem</span> 
     </span>
    </p>

    <p class='ocr_par' dir='ltr' id='par_1_10' title="bbox 98 909 1618 983">
     <span class='ocr_line' id='line_1_11' title="bbox 98 909 1618 983; baseline 0.005 -23"><span class='ocrx_word' id='word_1_59' title='bbox 98 909 398 982; x_wconf 72' lang='lat' dir='ltr'>,Oedipodes</span> <span class='ocrx_word' id='word_1_60' title='bbox 439 912 708 983; x_wconf 83' lang='lat' dir='ltr'>longaque</span> <span class='ocrx_word' id='word_1_61' title='bbox 749 913 987 966; x_wconf 88' lang='lat' dir='ltr'>animam</span> <span class='ocrx_word' id='word_1_62' title='bbox 1028 913 1127 966; x_wconf 92' lang='lat' dir='ltr'>sub</span> <span class='ocrx_word' id='word_1_63' title='bbox 1168 916 1344 968; x_wconf 89' lang='lat' dir='ltr'>morte</span> <span class='ocrx_word' id='word_1_64' title='bbox 1382 914 1618 968; x_wconf 85' lang='lat' dir='ltr'>tenebat.</span> 
     </span>
    </p>

    <p class='ocr_par' dir='ltr' id='par_1_11' title="bbox 99 984 1485 1057">
     <span class='ocr_line' id='line_1_12' title="bbox 99 984 1485 1057; baseline 0.001 -19"><span class='ocrx_word' id='word_1_65' title='bbox 99 984 261 1039; x_wconf 91' lang='lat' dir='ltr'>Illum</span> <span class='ocrx_word' id='word_1_66' title='bbox 300 985 668 1057; x_wconf 82' lang='lat' dir='ltr'>indulgentem</span> <span class='ocrx_word' id='word_1_67' title='bbox 707 987 944 1040; x_wconf 89' lang='lat' dir='ltr'>tenebris</span> <span class='ocrx_word' id='word_1_68' title='bbox 984 986 1230 1057; x_wconf 90' lang='lat' dir='ltr'>imaeque</span> <span class='ocrx_word' id='word_1_69' title='bbox 1269 1005 1485 1042; x_wconf 85' lang='lat' dir='ltr'>recessu</span> 
     </span>
    </p>

    <p class='ocr_par' dir='ltr' id='par_1_12' title="bbox 29 1056 1785 1131">
     <span class='ocr_line' id='line_1_13' title="bbox 29 1056 1785 1131; baseline 0.001 -17"><span class='ocrx_word' id='word_1_70' title='bbox 29 1072 30 1075; x_wconf 75' lang='grc'>’</span> <span class='ocrx_word' id='word_1_71' title='bbox 100 1056 248 1114; x_wconf 81' lang='lat' dir='ltr'>Sedis</span> <span class='ocrx_word' id='word_1_72' title='bbox 287 1059 596 1130; x_wconf 77' lang='lat' dir='ltr'>inaspectos</span> <span class='ocrx_word' id='word_1_73' title='bbox 637 1061 786 1115; x_wconf 87' lang='lat' dir='ltr'>caelo</span> <span class='ocrx_word' id='word_1_74' title='bbox 826 1060 1099 1131; x_wconf 88' lang='lat' dir='ltr'>radiisque</span> <span class='ocrx_word' id='word_1_75' title='bbox 1137 1065 1363 1131; x_wconf 87' lang='lat' dir='ltr'>penates</span> <span class='ocrx_word' id='word_1_76' title='bbox 1730 1077 1785 1116; x_wconf 77' lang='lat'>50</span> 
     </span>
    </p>

    <p class='ocr_par' dir='ltr' id='par_1_13' title="bbox 99 1129 1451 1202">
     <span class='ocr_line' id='line_1_14' title="bbox 99 1129 1451 1202; baseline 0.001 -15"><span class='ocrx_word' id='word_1_77' title='bbox 99 1129 414 1188; x_wconf 81' lang='lat' dir='ltr'>Servantem</span> <span class='ocrx_word' id='word_1_78' title='bbox 451 1136 635 1202; x_wconf 87' lang='lat' dir='ltr'>tamen</span> <span class='ocrx_word' id='word_1_79' title='bbox 675 1134 913 1189; x_wconf 87' lang='lat' dir='ltr'>adsiduis</span> <span class='ocrx_word' id='word_1_80' title='bbox 954 1134 1309 1189; x_wconf 87' lang='lat' dir='ltr'>circumvolat</span> <span class='ocrx_word' id='word_1_81' title='bbox 1348 1135 1451 1188; x_wconf 89' lang='lat' dir='ltr'>alis</span> 
     </span>
    </p>

    <p class='ocr_par' dir='ltr' id='par_1_14' title="bbox 101 1203 1638 1279">
     <span class='ocr_line' id='line_1_15' title="bbox 101 1203 1638 1279; baseline 0.002 -18"><span class='ocrx_word' id='word_1_82' title='bbox 101 1203 274 1262; x_wconf 83' lang='lat' dir='ltr'>Saeva</span> <span class='ocrx_word' id='word_1_83' title='bbox 313 1207 426 1262; x_wconf 88' lang='lat' dir='ltr'>dies</span> <span class='ocrx_word' id='word_1_84' title='bbox 466 1208 662 1274; x_wconf 85' lang='lat' dir='ltr'>animi,</span> <span class='ocrx_word' id='word_1_85' title='bbox 701 1209 1065 1279; x_wconf 81' lang='lat' dir='ltr'>scelerumque</span> <span class='ocrx_word' id='word_1_86' title='bbox 1106 1209 1162 1262; x_wconf 85' lang='lat' dir='ltr'>in</span> <span class='ocrx_word' id='word_1_87' title='bbox 1200 1213 1419 1279; x_wconf 83' lang='lat' dir='ltr'>pectore</span> <span class='ocrx_word' id='word_1_88' title='bbox 1459 1208 1638 1264; x_wconf 89' lang='lat' dir='ltr'>Dirae.</span> 
     </span>
    </p>

    <p class='ocr_par' dir='ltr' id='par_1_15' title="bbox 97 1278 1597 1352">
     <span class='ocr_line' id='line_1_16' title="bbox 97 1278 1597 1352; baseline 0.001 -17"><span class='ocrx_word' id='word_1_89' title='bbox 97 1278 244 1335; x_wconf 87' lang='lat' dir='ltr'>Tunc</span> <span class='ocrx_word' id='word_1_90' title='bbox 281 1299 479 1336; x_wconf 84' lang='lat' dir='ltr'>vacuos</span> <span class='ocrx_word' id='word_1_91' title='bbox 519 1282 701 1352; x_wconf 92' lang='lat' dir='ltr'>orbes,</span> <span class='ocrx_word' id='word_1_92' title='bbox 741 1283 966 1336; x_wconf 89' lang='lat' dir='ltr'>crudum</span> <span class='ocrx_word' id='word_1_93' title='bbox 1005 1301 1068 1337; x_wconf 87' lang='lat' dir='ltr'>ac</span> <span class='ocrx_word' id='word_1_94' title='bbox 1106 1283 1414 1337; x_wconf 89' lang='lat' dir='ltr'>miserabile</span> <span class='ocrx_word' id='word_1_95' title='bbox 1454 1283 1597 1337; x_wconf 84' lang='lat' dir='ltr'>vitae</span> 
     </span>
    </p>

    <p class='ocr_par' dir='ltr' id='par_1_16' title="bbox 30 1350 1598 1427">
     <span class='ocr_line' id='line_1_17' title="bbox 30 1350 1598 1427; baseline 0.003 -20"><span class='ocrx_word' id='word_1_96' title='bbox 30 1355 31 1358; x_wconf 74' lang='grc'>’</span> <span class='ocrx_word' id='word_1_97' title='bbox 97 1350 455 1427; x_wconf 84' lang='lat' dir='ltr'>Supplicium,</span> <span class='ocrx_word' id='word_1_98' title='bbox 494 1359 735 1410; x_wconf 87' lang='lat' dir='ltr'>ostentat</span> <span class='ocrx_word' id='word_1_99' title='bbox 775 1357 923 1411; x_wconf 93' lang='lat' dir='ltr'>caelo</span> <span class='ocrx_word' id='word_1_100' title='bbox 966 1357 1322 1427; x_wconf 90' lang='lat' dir='ltr'>manibusque</span> <span class='ocrx_word' id='word_1_101' title='bbox 1364 1359 1598 1412; x_wconf 85' lang='lat' dir='ltr'>cruentis</span> 
     </span>
    </p>

    <p class='ocr_par' dir='ltr' id='par_1_17' title="bbox 27 1425 1783 1501">
     <span class='ocr_line' id='line_1_18' title="bbox 27 1425 1783 1501; baseline 0.003 -22"><span class='ocrx_word' id='word_1_102' title='bbox 27 1451 31 1479; x_wconf 64' lang='grc' dir='ltr'>κ,</span> <span class='ocrx_word' id='word_1_103' title='bbox 93 1425 282 1483; x_wconf 90' lang='lat' dir='ltr'>Pulsat</span> <span class='ocrx_word' id='word_1_104' title='bbox 318 1429 477 1483; x_wconf 85' lang='lat' dir='ltr'>inane</span> <span class='ocrx_word' id='word_1_105' title='bbox 518 1431 692 1484; x_wconf 90' lang='lat' dir='ltr'>solum</span> <span class='ocrx_word' id='word_1_106' title='bbox 733 1448 996 1501; x_wconf 87' lang='lat' dir='ltr'>saevaque</span> <span class='ocrx_word' id='word_1_107' title='bbox 1036 1432 1113 1485; x_wconf 87' lang='lat' dir='ltr'>ita</span> <span class='ocrx_word' id='word_1_108' title='bbox 1150 1450 1280 1485; x_wconf 82' lang='lat' dir='ltr'>voce</span> <span class='ocrx_word' id='word_1_109' title='bbox 1320 1435 1593 1501; x_wconf 86' lang='lat' dir='ltr'>precatur:</span> <span class='ocrx_word' id='word_1_110' title='bbox 1725 1445 1783 1486; x_wconf 82' lang='lat'>55</span> 
     </span>
    </p>

    <p class='ocr_par' dir='ltr' id='par_1_18' title="bbox 27 1499 1561 1575">
     <span class='ocr_line' id='line_1_19' title="bbox 27 1499 1561 1575; baseline 0.004 -22"><span class='ocrx_word' id='word_1_111' title='bbox 27 1542 31 1554; x_wconf 91' lang='lat'>.</span> <span class='ocrx_word' id='word_1_112' title='bbox 96 1499 213 1573; x_wconf 61' lang='grc' dir='ltr'>’Βί,</span> <span class='ocrx_word' id='word_1_113' title='bbox 253 1506 434 1558; x_wconf 86' lang='lat' dir='ltr'>sontes</span> <span class='ocrx_word' id='word_1_114' title='bbox 474 1503 682 1558; x_wconf 89' lang='lat' dir='ltr'>animas</span> <span class='ocrx_word' id='word_1_115' title='bbox 723 1508 1060 1575; x_wconf 86' lang='lat' dir='ltr'>angustaque</span> <span class='ocrx_word' id='word_1_116' title='bbox 1101 1504 1333 1559; x_wconf 88' lang='lat' dir='ltr'>Tartara</span> <span class='ocrx_word' id='word_1_117' title='bbox 1371 1506 1561 1575; x_wconf 87' lang='lat' dir='ltr'>poenis</span> 
     </span>
    </p>

    <p class='ocr_par' dir='ltr' id='par_1_19' title="bbox 27 1573 1598 1649">
     <span class='ocr_line' id='line_1_20' title="bbox 27 1573 1598 1649; baseline 0.001 -18"><span class='ocrx_word' id='word_1_118' title='bbox 27 1582 31 1631; x_wconf 76' lang='grc' dir='ltr'><em>ζ</em></span> <span class='ocrx_word' id='word_1_119' title='bbox 95 1573 199 1639; x_wconf 85' lang='lat' dir='ltr'>Qui</span> <span class='ocrx_word' id='word_1_120' title='bbox 235 1577 453 1649; x_wconf 83' lang='lat' dir='ltr'>regitis,</span> <span class='ocrx_word' id='word_1_121' title='bbox 491 1581 655 1648; x_wconf 87' lang='lat' dir='ltr'>tuque</span> <span class='ocrx_word' id='word_1_122' title='bbox 693 1578 988 1634; x_wconf 85' lang='lat' dir='ltr'>umbrifero</span> <span class='ocrx_word' id='word_1_123' title='bbox 1030 1577 1165 1649; x_wconf 82' lang='lat' dir='ltr'>Styx</span> <span class='ocrx_word' id='word_1_124' title='bbox 1202 1579 1369 1633; x_wconf 86' lang='lat' dir='ltr'>livida</span> <span class='ocrx_word' id='word_1_125' title='bbox 1405 1579 1598 1649; x_wconf 88' lang='lat' dir='ltr'>fund0,</span> 
     </span>
    </p>

    <p class='ocr_par' dir='ltr' id='par_1_20' title="bbox 26 1646 1551 1723">
     <span class='ocr_line' id='line_1_21' title="bbox 26 1646 1551 1723; baseline 0.003 -20"><span class='ocrx_word' id='word_1_126' title='bbox 26 1702 29 1709; x_wconf 64' lang='lat'>.</span> <span class='ocrx_word' id='word_1_127' title='bbox 95 1646 266 1712; x_wconf 83' lang='lat' dir='ltr'>Quam</span> <span class='ocrx_word' id='word_1_128' title='bbox 303 1651 482 1722; x_wconf 82' lang='lat' dir='ltr'>video,</span> <span class='ocrx_word' id='word_1_129' title='bbox 520 1652 859 1723; x_wconf 86' lang='lat' dir='ltr'>multumque</span> <span class='ocrx_word' id='word_1_130' title='bbox 899 1652 1036 1707; x_wconf 86' lang='lat' dir='ltr'>mihi</span> <span class='ocrx_word' id='word_1_131' title='bbox 1074 1656 1332 1707; x_wconf 90' lang='lat' dir='ltr'>consueta</span> <span class='ocrx_word' id='word_1_132' title='bbox 1370 1654 1551 1707; x_wconf 81' lang='lat' dir='ltr'>vocari</span> 
     </span>
    </p>

    <p class='ocr_par' dir='ltr' id='par_1_21' title="bbox 27 1721 1521 1797">
     <span class='ocr_line' id='line_1_22' title="bbox 27 1721 1521 1797; baseline 0.003 -21"><span class='ocrx_word' id='word_1_133' title='bbox 27 1754 29 1761; x_wconf 70' lang='lat'>›</span> <span class='ocrx_word' id='word_1_134' title='bbox 73 1721 306 1795; x_wconf 61' lang='lat' dir='ltr'>Adnue,</span> <span class='ocrx_word' id='word_1_135' title='bbox 345 1723 662 1796; x_wconf 86' lang='lat' dir='ltr'>Tisiphone,</span> <span class='ocrx_word' id='word_1_136' title='bbox 701 1744 1060 1797; x_wconf 86' lang='lat' dir='ltr'>perversaque</span> <span class='ocrx_word' id='word_1_137' title='bbox 1099 1730 1229 1781; x_wconf 83' lang='lat' dir='ltr'>vota</span> <span class='ocrx_word' id='word_1_138' title='bbox 1268 1727 1521 1781; x_wconf 87' lang='lat' dir='ltr'>secunda:</span> 
     </span>
    </p>

    <p class='ocr_par' dir='ltr' id='par_1_22' title="bbox 26 1793 1781 1870">
     <span class='ocr_line' id='line_1_23' title="bbox 26 1793 1781 1870; baseline 0.005 -21"><span class='ocrx_word' id='word_1_139' title='bbox 26 1815 33 1857; x_wconf 57' lang='grc' dir='ltr'><strong>ι</strong></span> <span class='ocrx_word' id='word_1_140' title='bbox 94 1793 153 1850; x_wconf 82' lang='lat' dir='ltr'>Si</span> <span class='ocrx_word' id='word_1_141' title='bbox 190 1797 325 1851; x_wconf 90' lang='lat' dir='ltr'>bene</span> <span class='ocrx_word' id='word_1_142' title='bbox 365 1798 493 1868; x_wconf 91' lang='lat' dir='ltr'>quid</span> <span class='ocrx_word' id='word_1_143' title='bbox 529 1800 722 1870; x_wconf 89' lang='lat' dir='ltr'>merui,</span> <span class='ocrx_word' id='word_1_144' title='bbox 763 1801 810 1855; x_wconf 90' lang='lat' dir='ltr'>si</span> <span class='ocrx_word' id='word_1_145' title='bbox 848 1820 935 1855; x_wconf 89' lang='lat' dir='ltr'>me</span> <span class='ocrx_word' id='word_1_146' title='bbox 975 1801 1038 1855; x_wconf 91' lang='lat' dir='ltr'>de</span> <span class='ocrx_word' id='word_1_147' title='bbox 1078 1805 1253 1856; x_wconf 87' lang='lat' dir='ltr'>matre</span> <span class='ocrx_word' id='word_1_148' title='bbox 1294 1801 1572 1855; x_wconf 87' lang='lat' dir='ltr'>cadentem</span> <span class='ocrx_word' id='word_1_149' title='bbox 1724 1816 1781 1857; x_wconf 78' lang='lat'>60</span> 
     </span>
    </p>

    <p class='ocr_par' dir='ltr' id='par_1_23' title="bbox 28 1867 1472 1946">
     <span class='ocr_line' id='line_1_24' title="bbox 28 1867 1472 1946; baseline 0.005 -24"><span class='ocrx_word' id='word_1_150' title='bbox 28 1878 33 1934; x_wconf 71' lang='grc'>’,</span> <span class='ocrx_word' id='word_1_151' title='bbox 93 1867 305 1924; x_wconf 83' lang='lat' dir='ltr'>Fovisti</span> <span class='ocrx_word' id='word_1_152' title='bbox 342 1873 546 1942; x_wconf 84' lang='lat' dir='ltr'>gremio</span> <span class='ocrx_word' id='word_1_153' title='bbox 589 1877 642 1928; x_wconf 89' lang='lat' dir='ltr'>et</span> <span class='ocrx_word' id='word_1_154' title='bbox 678 1874 966 1929; x_wconf 87' lang='lat' dir='ltr'>traiectum</span> <span class='ocrx_word' id='word_1_155' title='bbox 998 1876 1216 1929; x_wconf 85' lang='lat' dir='ltr'>vulnere</span> <span class='ocrx_word' id='word_1_156' title='bbox 1254 1876 1472 1946; x_wconf 87' lang='lat' dir='ltr'>plantas</span> 
     </span>
    </p>

    <p class='ocr_par' dir='ltr' id='par_1_24' title="bbox 27 1941 1387 2017">
     <span class='ocr_line' id='line_1_25' title="bbox 27 1941 1387 2017; baseline 0.005 -22"><span class='ocrx_word' id='word_1_157' title='bbox 27 1954 29 1970; x_wconf 77' lang='lat'><strong>⁴</strong></span> <span class='ocrx_word' id='word_1_158' title='bbox 92 1941 374 2015; x_wconf 89' lang='lat' dir='ltr'>Firmasti,</span> <span class='ocrx_word' id='word_1_159' title='bbox 414 1945 460 1999; x_wconf 90' lang='lat' dir='ltr'>si</span> <span class='ocrx_word' id='word_1_160' title='bbox 499 1949 693 2016; x_wconf 84' lang='lat' dir='ltr'>stagna</span> <span class='ocrx_word' id='word_1_161' title='bbox 730 1949 845 2017; x_wconf 90' lang='lat' dir='ltr'>peti</span> <span class='ocrx_word' id='word_1_162' title='bbox 884 1947 1140 2003; x_wconf 85' lang='lat' dir='ltr'>Cirrhaea</span> <span class='ocrx_word' id='word_1_163' title='bbox 1179 1950 1387 2004; x_wconf 89' lang='lat' dir='ltr'>bicorni</span> 
     </span>
    </p>

    <p class='ocr_par' dir='ltr' id='par_1_25' title="bbox 32 2014 1383 2093">
     <span class='ocr_line' id='line_1_26' title="bbox 32 2014 1383 2093; baseline 0.007 -25"><span class='ocrx_word' id='word_1_164' title='bbox 32 2058 33 2068; x_wconf 68' lang='grc'>,</span> <span class='ocrx_word' id='word_1_165' title='bbox 93 2014 367 2072; x_wconf 87' lang='lat' dir='ltr'>Interfusa</span> <span class='ocrx_word' id='word_1_166' title='bbox 405 2018 557 2090; x_wconf 86' lang='lat' dir='ltr'>iug0,</span> <span class='ocrx_word' id='word_1_167' title='bbox 594 2038 810 2089; x_wconf 89' lang='lat' dir='ltr'>possem</span> <span class='ocrx_word' id='word_1_168' title='bbox 850 2040 970 2076; x_wconf 87' lang='lat' dir='ltr'>cum</span> <span class='ocrx_word' id='word_1_169' title='bbox 1010 2023 1202 2093; x_wconf 85' lang='lat' dir='ltr'>degere</span> <span class='ocrx_word' id='word_1_170' title='bbox 1241 2023 1383 2077; x_wconf 89' lang='lat' dir='ltr'>falso</span> 
     </span>
    </p>
   </div>
   <div class='ocr_carea' id='block_1_3' title="bbox 91 2132 446 2146">
    <p class='ocr_par' dir='ltr' id='par_1_26' title="bbox 91 2132 446 2146">
     <span class='ocr_line' id='line_1_27' title="bbox 91 2132 446 2146; baseline 0 960"><span class='ocrx_word' id='word_1_171' title='bbox 91 2132 446 2146; x_wconf 95' lang='lat' dir='ltr'> </span> 
     </span>
    </p>
   </div>
   <div class='ocr_carea' id='block_1_4' title="bbox 4 2201 1782 2437">
    <p class='ocr_par' dir='ltr' id='par_1_27' title="bbox 4 2201 1782 2437">
     <span class='ocr_line' id='line_1_28' title="bbox 213 2201 1779 2262; baseline 0.004 -18"><span class='ocrx_word' id='word_1_172' title='bbox 213 2204 283 2245; x_wconf 90' lang='lat'>45.</span> <span class='ocrx_word' id='word_1_173' title='bbox 320 2201 549 2257; x_wconf 83' lang='lat' dir='ltr'>‘atque—</span> <span class='ocrx_word' id='word_1_174' title='bbox 569 2201 824 2246; x_wconf 88' lang='lat' dir='ltr'>canendus’</span> <span class='ocrx_word' id='word_1_175' title='bbox 854 2202 1023 2248; x_wconf 86' lang='lat' dir='ltr'>schol.</span> <span class='ocrx_word' id='word_1_176' title='bbox 1051 2202 1193 2250; x_wconf 84' lang='lat' dir='ltr'>Theb.</span> <span class='ocrx_word' id='word_1_177' title='bbox 1224 2203 1334 2248; x_wconf 88' lang='lat' dir='ltr'><strong>VIII</strong></span> <span class='ocrx_word' id='word_1_178' title='bbox 1358 2209 1446 2250; x_wconf 82' lang='lat'>374</span> <span class='ocrx_word' id='word_1_179' title='bbox 1468 2219 1513 2262; x_wconf 88' lang='lat' dir='ltr'>p.</span> <span class='ocrx_word' id='word_1_180' title='bbox 1540 2210 1626 2250; x_wconf 78' lang='lat'>290</span> <span class='ocrx_word' id='word_1_181' title='bbox 1650 2205 1698 2249; x_wconf 93' lang='lat' dir='ltr'>L.</span> <span class='ocrx_word' id='word_1_182' title='bbox 1723 2232 1779 2238; x_wconf 92' lang='lat'>—</span> 
     </span>
     <span class='ocr_line' id='line_1_29' title="bbox 4 2258 1782 2321; baseline 0.004 -19"><span class='ocrx_word' id='word_1_183' title='bbox 4 2266 6 2270; x_wconf 86' lang='lat'>&#39;</span> <span class='ocrx_word' id='word_1_184' title='bbox 93 2262 163 2303; x_wconf 83' lang='lat'>48.</span> <span class='ocrx_word' id='word_1_185' title='bbox 202 2258 453 2316; x_wconf 82' lang='lat' dir='ltr'>‘longaque</span> <span class='ocrx_word' id='word_1_186' title='bbox 478 2286 534 2293; x_wconf 94' lang='lat'>—</span> <span class='ocrx_word' id='word_1_187' title='bbox 558 2262 695 2305; x_wconf 87' lang='lat' dir='ltr'>nocte</span> <span class='ocrx_word' id='word_1_188' title='bbox 735 2262 980 2307; x_wconf 88' lang='lat' dir='ltr'>trahebat&#39;</span> <span class='ocrx_word' id='word_1_189' title='bbox 1017 2263 1191 2309; x_wconf 90' lang='lat' dir='ltr'>schol.</span> <span class='ocrx_word' id='word_1_190' title='bbox 1224 2262 1368 2310; x_wconf 89' lang='lat' dir='ltr'>Theb.</span> <span class='ocrx_word' id='word_1_191' title='bbox 1401 2263 1466 2308; x_wconf 89' lang='lat' dir='ltr'>XI</span> <span class='ocrx_word' id='word_1_192' title='bbox 1498 2269 1583 2310; x_wconf 80' lang='lat'>582</span> <span class='ocrx_word' id='word_1_193' title='bbox 1616 2279 1660 2321; x_wconf 93' lang='lat' dir='ltr'>p.</span> <span class='ocrx_word' id='word_1_194' title='bbox 1694 2270 1782 2310; x_wconf 86' lang='lat'>394</span> 
     </span>
     <span class='ocr_line' id='line_1_30' title="bbox 90 2316 1781 2380; baseline 0.004 -20"><span class='ocrx_word' id='word_1_195' title='bbox 90 2316 138 2362; x_wconf 89' lang='lat' dir='ltr'>L.</span> <span class='ocrx_word' id='word_1_196' title='bbox 173 2343 228 2351; x_wconf 95' lang='lat'><strong>—</strong></span> <span class='ocrx_word' id='word_1_197' title='bbox 262 2323 330 2364; x_wconf 80' lang='lat'>60.</span> <span class='ocrx_word' id='word_1_198' title='bbox 375 2319 443 2364; x_wconf 86' lang='lat' dir='ltr'>‘si</span> <span class='ocrx_word' id='word_1_199' title='bbox 466 2319 716 2364; x_wconf 85' lang='lat' dir='ltr'>—merui’</span> <span class='ocrx_word' id='word_1_200' title='bbox 754 2321 931 2366; x_wconf 88' lang='lat' dir='ltr'>schol.</span> <span class='ocrx_word' id='word_1_201' title='bbox 972 2321 1116 2366; x_wconf 91' lang='lat' dir='ltr'>Theb.</span> <span class='ocrx_word' id='word_1_202' title='bbox 1149 2322 1170 2365; x_wconf 91' lang='grc' dir='ltr'><strong>Ι</strong></span> <span class='ocrx_word' id='word_1_203' title='bbox 1210 2327 1266 2367; x_wconf 87' lang='grc'>56</span> <span class='ocrx_word' id='word_1_204' title='bbox 1297 2337 1341 2380; x_wconf 91' lang='lat' dir='ltr'>p.</span> <span class='ocrx_word' id='word_1_205' title='bbox 1377 2328 1403 2368; x_wconf 89' lang='lat'>5</span> <span class='ocrx_word' id='word_1_206' title='bbox 1435 2323 1483 2368; x_wconf 91' lang='lat' dir='ltr'>L.</span> <span class='ocrx_word' id='word_1_207' title='bbox 1517 2350 1573 2357; x_wconf 93' lang='lat'><strong>—</strong></span> <span class='ocrx_word' id='word_1_208' title='bbox 1607 2329 1675 2369; x_wconf 80' lang='lat'>62.</span> <span class='ocrx_word' id='word_1_209' title='bbox 1714 2323 1781 2368; x_wconf 87' lang='lat' dir='ltr'>‘si</span> 
     </span>
     <span class='ocr_line' id='line_1_31' title="bbox 22 2376 1279 2437; baseline 0.005 -17"><span class='ocrx_word' id='word_1_210' title='bbox 22 2423 23 2426; x_wconf 56' lang='grc'>,</span> <span class='ocrx_word' id='word_1_211' title='bbox 90 2401 145 2410; x_wconf 90' lang='lat'>-—</span> <span class='ocrx_word' id='word_1_212' title='bbox 169 2376 380 2423; x_wconf 89' lang='lat' dir='ltr'>bicorni&#39;</span> <span class='ocrx_word' id='word_1_213' title='bbox 417 2377 591 2424; x_wconf 87' lang='lat' dir='ltr'>schol.</span> <span class='ocrx_word' id='word_1_214' title='bbox 624 2379 768 2426; x_wconf 89' lang='lat' dir='ltr'>Theb.</span> <span class='ocrx_word' id='word_1_215' title='bbox 802 2379 887 2425; x_wconf 88' lang='lat' dir='ltr'>VH</span> <span class='ocrx_word' id='word_1_216' title='bbox 920 2386 1004 2426; x_wconf 80' lang='lat'>347</span> <span class='ocrx_word' id='word_1_217' title='bbox 1035 2396 1079 2437; x_wconf 89' lang='lat' dir='ltr'>p.</span> <span class='ocrx_word' id='word_1_218' title='bbox 1113 2386 1199 2426; x_wconf 77' lang='lat'>255</span> <span class='ocrx_word' id='word_1_219' title='bbox 1232 2381 1279 2426; x_wconf 92' lang='lat' dir='ltr'>L.</span> 
     </span>
    </p>
   </div>
   <div class='ocr_carea' id='block_1_5' title="bbox 0 0 39 2447">
    <p class='ocr_par' dir='ltr' id='par_1_28' title="bbox 0 0 39 2447">
     <span class='ocr_line' id='line_1_32' title="bbox 0 0 39 2447; baseline 0 0"><span class='ocrx_word' id='word_1_220' title='bbox 0 0 39 2447; x_wconf 95' lang='lat' dir='ltr'> </span> 
     </span>
    </p>
   </div>
   <div class='ocr_carea' id='block_1_6' title="bbox 86 2480 440 2492">
    <p class='ocr_par' dir='ltr' id='par_1_29' title="bbox 86 2480 440 2492">
     <span class='ocr_line' id='line_1_33' title="bbox 86 2480 440 2492; baseline 0 614"><span class='ocrx_word' id='word_1_221' title='bbox 86 2480 440 2492; x_wconf 95' lang='lat' dir='ltr'> </span> 
     </span>
    </p>
   </div>
   <div class='ocr_carea' id='block_1_7' title="bbox 16 2543 1778 2887">
    <p class='ocr_par' dir='ltr' id='par_1_30' title="bbox 19 2543 1778 2610">
     <span class='ocr_line' id='line_1_34' title="bbox 19 2543 1778 2610; baseline 0.004 -19"><span class='ocrx_word' id='word_1_222' title='bbox 19 2543 22 2576; x_wconf 69' lang='lat'><em>⁶</em></span> <span class='ocrx_word' id='word_1_223' title='bbox 211 2552 267 2592; x_wconf 84' lang='lat'>39</span> <span class='ocrx_word' id='word_1_224' title='bbox 305 2547 478 2605; x_wconf 82' lang='lat' dir='ltr'>Tethys</span> <span class='ocrx_word' id='word_1_225' title='bbox 518 2551 566 2594; x_wconf 88' lang='lat' dir='ltr'>et</span> <span class='ocrx_word' id='word_1_226' title='bbox 603 2550 932 2597; x_wconf 76' lang='lat' dir='ltr'>Lachmannus</span> <span class='ocrx_word' id='word_1_227' title='bbox 1023 2556 1081 2597; x_wconf 83' lang='lat'>45</span> <span class='ocrx_word' id='word_1_228' title='bbox 1120 2551 1217 2597; x_wconf 84' lang='lat' dir='ltr'>alto</span> <span class='ocrx_word' id='word_1_229' title='bbox 1260 2552 1620 2598; x_wconf 79' lang='lat' dir='ltr'>Friesemannus</span> <span class='ocrx_word' id='word_1_230' title='bbox 1659 2552 1778 2610; x_wconf 81' lang='lat'><em>(001-</em></span> 
     </span>
    </p>

    <p class='ocr_par' dir='ltr' id='par_1_31' title="bbox 16 2577 1777 2703">
     <span class='ocr_line' id='line_1_35' title="bbox 16 2577 1777 2703; baseline 0.001 -51"><span class='ocrx_word' id='word_1_231' title='bbox 16 2577 23 2703; x_wconf 65' lang='lat'><strong>¹</strong></span> <span class='ocrx_word' id='word_1_232' title='bbox 93 2605 251 2652; x_wconf 75' lang='lat' dir='ltr'>lectan.</span> <span class='ocrx_word' id='word_1_233' title='bbox 285 2608 427 2653; x_wconf 81' lang='lat' dir='ltr'>critic.</span> <span class='ocrx_word' id='word_1_234' title='bbox 452 2623 503 2666; x_wconf 80' lang='lat' dir='ltr'>p.</span> <span class='ocrx_word' id='word_1_235' title='bbox 535 2612 626 2655; x_wconf 77' lang='lat'>204</span> <span class='ocrx_word' id='word_1_236' title='bbox 649 2611 731 2667; x_wconf 78' lang='lat' dir='ltr'>sq.)</span> <span class='ocrx_word' id='word_1_237' title='bbox 764 2611 780 2667; x_wconf 82' lang='lat' dir='ltr'>ss</span> <span class='ocrx_word' id='word_1_238' title='bbox 810 2615 867 2656; x_wconf 87' lang='lat'>48</span> <span class='ocrx_word' id='word_1_239' title='bbox 893 2609 958 2656; x_wconf 93' lang='lat' dir='ltr'>Oe</span> <span class='ocrx_word' id='word_1_240' title='bbox 998 2610 1191 2669; x_wconf 84' lang='lat' dir='ltr'>‘ppodes</span> <span class='ocrx_word' id='word_1_241' title='bbox 1216 2616 1249 2654; x_wconf 80' lang='grc' dir='ltr'><strong>Ρ</strong></span> <span class='ocrx_word' id='word_1_242' title='bbox 1283 2614 1290 2669; x_wconf 85' lang='grc'>1</span> <span class='ocrx_word' id='word_1_243' title='bbox 1329 2611 1414 2656; x_wconf 89' lang='lat' dir='ltr'>sub</span> <span class='ocrx_word' id='word_1_244' title='bbox 1446 2613 1596 2656; x_wconf 90' lang='lat' dir='ltr'>morte</span> <span class='ocrx_word' id='word_1_245' title='bbox 1628 2617 1661 2654; x_wconf 82' lang='lat' dir='ltr'>P</span> <span class='ocrx_word' id='word_1_246' title='bbox 1693 2611 1777 2655; x_wconf 91' lang='lat' dir='ltr'>sub</span> 
     </span>
    </p>

    <p class='ocr_par' dir='ltr' id='par_1_32' title="bbox 28 2665 1776 2728">
     <span class='ocr_line' id='line_1_36' title="bbox 28 2665 1776 2728; baseline 0.003 -19"><span class='ocrx_word' id='word_1_247' title='bbox 28 2680 29 2686; x_wconf 53' lang='lat'>¹</span> <span class='ocrx_word' id='word_1_248' title='bbox 85 2665 220 2710; x_wconf 84' lang='lat' dir='ltr'>nocte</span> <span class='ocrx_word' id='word_1_249' title='bbox 257 2669 347 2710; x_wconf 72' lang='lat' dir='ltr'>Bu</span> <span class='ocrx_word' id='word_1_250' title='bbox 384 2669 390 2724; x_wconf 91' lang='grc' dir='ltr'>Ι</span> <span class='ocrx_word' id='word_1_251' title='bbox 425 2668 646 2712; x_wconf 86' lang='lat' dir='ltr'>trahebat</span> <span class='ocrx_word' id='word_1_252' title='bbox 683 2684 709 2723; x_wconf 85' lang='lat' dir='ltr'>p</span> <span class='ocrx_word' id='word_1_253' title='bbox 749 2671 884 2715; x_wconf 84' lang='lat' dir='ltr'>schol.</span> <span class='ocrx_word' id='word_1_254' title='bbox 922 2672 938 2728; x_wconf 78' lang='grc' dir='ltr'>[Ι</span> <span class='ocrx_word' id='word_1_255' title='bbox 977 2676 1032 2716; x_wconf 83' lang='lat'>52</span> <span class='ocrx_word' id='word_1_256' title='bbox 1071 2671 1173 2715; x_wconf 88' lang='lat' dir='ltr'>lues</span> <span class='ocrx_word' id='word_1_257' title='bbox 1215 2671 1360 2715; x_wconf 80' lang='lat' dir='ltr'>animi</span> <span class='ocrx_word' id='word_1_258' title='bbox 1401 2684 1461 2715; x_wconf 89' lang='lat' dir='ltr'>sc.</span> <span class='ocrx_word' id='word_1_259' title='bbox 1495 2670 1524 2714; x_wconf 89' lang='lat' dir='ltr'>i.</span> <span class='ocrx_word' id='word_1_260' title='bbox 1558 2686 1604 2727; x_wconf 92' lang='lat' dir='ltr'>p.</span> <span class='ocrx_word' id='word_1_261' title='bbox 1639 2683 1776 2714; x_wconf 87' lang='lat' dir='ltr'>curae</span> 
     </span>
    </p>

    <p class='ocr_par' dir='ltr' id='par_1_33' title="bbox 87 2717 1773 2787">
     <span class='ocr_line' id='line_1_37' title="bbox 87 2717 1773 2787; baseline 0.002 -17"><span class='ocrx_word' id='word_1_262' title='bbox 87 2717 445 2778; x_wconf 73' lang='lat' dir='ltr'>Friesemannus</span> <span class='ocrx_word' id='word_1_263' title='bbox 477 2729 483 2785; x_wconf 90' lang='grc' dir='ltr'>Ι</span> <span class='ocrx_word' id='word_1_264' title='bbox 513 2727 780 2783; x_wconf 80' lang='lat' dir='ltr'>saliuntque</span> <span class='ocrx_word' id='word_1_265' title='bbox 820 2728 850 2773; x_wconf 88' lang='lat' dir='ltr'>i.</span> <span class='ocrx_word' id='word_1_266' title='bbox 891 2745 936 2787; x_wconf 89' lang='lat' dir='ltr'>p.</span> <span class='ocrx_word' id='word_1_267' title='bbox 979 2729 1109 2775; x_wconf 89' lang='lat' dir='ltr'>dirae</span> <span class='ocrx_word' id='word_1_268' title='bbox 1155 2729 1203 2775; x_wconf 91' lang='lat' dir='ltr'>O.</span> <span class='ocrx_word' id='word_1_269' title='bbox 1241 2731 1496 2775; x_wconf 79' lang='lat' dir='ltr'>Muellerus</span> <span class='ocrx_word' id='word_1_270' title='bbox 1529 2729 1624 2787; x_wconf 77' lang='lat' dir='ltr'>(El.</span> <span class='ocrx_word' id='word_1_271' title='bbox 1658 2729 1773 2774; x_wconf 76' lang='lat' dir='ltr'>Stat.</span> 
     </span>
    </p>

    <p class='ocr_par' dir='ltr' id='par_1_34' title="bbox 78 2784 1776 2887">
     <span class='ocr_line' id='line_1_38' title="bbox 78 2784 1776 2887; baseline 0.002 -58"><span class='ocrx_word' id='word_1_272' title='bbox 78 2795 171 2886; x_wconf 51' lang='lat' dir='ltr'>{ul</span> <span class='ocrx_word' id='word_1_273' title='bbox 161 2785 248 2887; x_wconf 63' lang='lat'>15)¹3</span> <span class='ocrx_word' id='word_1_274' title='bbox 285 2784 559 2843; x_wconf 87' lang='lat' dir='ltr'>pelluntque</span> <span class='ocrx_word' id='word_1_275' title='bbox 604 2787 913 2834; x_wconf 80' lang='lat' dir='ltr'>Baehrensius</span> <span class='ocrx_word' id='word_1_276' title='bbox 943 2791 959 2846; x_wconf 79' lang='lat' dir='ltr'>ss</span> <span class='ocrx_word' id='word_1_277' title='bbox 992 2794 1048 2834; x_wconf 90' lang='lat'>55</span> <span class='ocrx_word' id='word_1_278' title='bbox 1095 2789 1265 2847; x_wconf 85' lang='lat' dir='ltr'>Palpat</span> <span class='ocrx_word' id='word_1_279' title='bbox 1308 2791 1406 2835; x_wconf 82' lang='lat' dir='ltr'>ead.</span> <span class='ocrx_word' id='word_1_280' title='bbox 1454 2803 1511 2835; x_wconf 86' lang='lat' dir='ltr'>m.</span> <span class='ocrx_word' id='word_1_281' title='bbox 1561 2802 1676 2834; x_wconf 84' lang='lat' dir='ltr'>corr.</span> <span class='ocrx_word' id='word_1_282' title='bbox 1723 2790 1776 2833; x_wconf 79' lang='lat' dir='ltr'>in</span> 
     </span>
     <span class='ocr_line' id='line_1_39' title="bbox 175 2847 310 2887; baseline 0 -1"><span class='ocrx_word' id='word_1_283' title='bbox 175 2856 227 2887; x_wconf 88' lang='lat' dir='ltr'>sa</span> <span class='ocrx_word' id='word_1_284' title='bbox 277 2847 310 2886; x_wconf 76' lang='lat'>1³</span> 
     </span>
    </p>
   </div>
   <div class='ocr_carea' id='block_1_8' title="bbox 1356 2922 1415 2966">
    <p class='ocr_par' dir='ltr' id='par_1_35' title="bbox 1356 2922 1415 2966">
     <span class='ocr_line' id='line_1_40' title="bbox 1356 2922 1415 2966; baseline 0 -17"><span class='ocrx_word' id='word_1_285' title='bbox 1356 2922 1415 2966; x_wconf 81' lang='lat'>1*</span> 
     </span>
    </p>
   </div>
  </div>
 </body>
</html>
