1988 3106
664 176 975 224 SILUARUM
1006 178 1058 222 L.
1091 177 1127 233 1,
1159 183 1199 222 4.
1737 178 1804 230 27

38 296 406 368 Egressusque
442 315 643 351 moras:
683 295 844 350 ‘nunc
882 315 1109 362 mecum,
1147 297 1441 366 Epidauria
1479 298 1675 366 proles,

38 369 198 426 Hinc'
242 371 320 426 ait
357 370 394 424 ‘i
433 370 693 441 gaudens:
734 370 892 423 datur
930 370 1289 441 aggredienda
1326 371 1555 424 facultas

37 443 318 515 Ingentem
356 462 594 498 recreare
632 444 822 497 uirum.
897 446 1173 497 teneamus
1213 443 1388 498 adorti

40 515 326 572 Tardantis
364 517 472 571 iam
512 517 602 570 fila
643 518 810 585 colos3
848 535 946 570 nec
983 518 1223 570 fulminis
1263 518 1367 571 atri

41 587 122 647 Sit
158 594 358 645 metus:
397 590 496 645 has
534 590 676 643 ultro
714 590 958 643 laudabit
996 590 1199 660 Iupiter
1238 595 1396 645 artes.
1753 606 1810 646 65

41 660 183 720 Nam
222 682 394 734 neque
432 663 697 734 plebeiam
738 667 831 717 aut
870 663 1054 717 dextro
1096 665 1209 717 sine
1248 665 1466 718 numine
1506 669 1706 719 cretam

40 728 206 798 Seruo
240 738 488 792 animam.
550 740 709 806 atque
747 737 879 791 adeo
919 738 1174 805 breuiter,
1214 738 1334 790 dum
1373 742 1518 792 tecta
1557 740 1812 808 subimuS,

37 808 350 880 Expediam.
412 827 580 881 genus
618 811 732 879 ipse
772 812 881 863 suis
919 811 1318 881 praemissaque
1357 815 1500 866 retro

95 884 336 953 obilitas3
372 902 472 938 nec
511 884 662 954 origo
701 885 847 952 latet,
887 884 977 937 sed
1018 885 1132 937 luce
1172 889 1428 954 sequente

91 957 285 1011 incitur
324 960 379 1012 et
417 974 615 1028 magno
656 957 854 1028 gaudet
892 958 1113 1011 cessisse
1151 959 1352 1027 nepoti.
1756 973 1812 1013 ’το

87 1031 223 1084 rima
262 1037 422 1102 togae
460 1031 633 1085 uirtus
672 1031 774 1099 illi3
814 1049 919 1101 qua
959 1031 1133 1084 clarus
1174 1035 1229 1084 et
1266 1032 1456 1102 ingens

32 1150 34 1155 ,
88 1104 294 1174 loqui03
334 1122 459 1158 mox
496 1104 787 1157 innumeris
827 1106 1059 1158 exercita
1097 1106 1286 1158 castris

39 1167 303 1233 Occiduae
342 1178 651 1247 primaeque
692 1177 880 1231 domus
921 1181 974 1231 et
1013 1179 1123 1231 sole
1164 1178 1262 1231 sub
1303 1179 1449 1232 omni

32 1234 337 1314 {permeruit
373 1251 552 1304 iurata
588 1268 802 1319 manus3
840 1269 938 1304 nec
976 1251 1034 1303 in
1073 1252 1183 1305 otia
1221 1253 1369 1320 pacis

31 1317 366 1455 {ermissum
405 1324 584 1378 laxare
625 1325 832 1377 animos
870 1324 1174 1394 ferrumque
1212 1326 1430 1396 recingi.
1758 1341 1812 1381 75

31 1422 38 1461 j
96 1415 199 1451 unc
239 1397 463 1451 Galatea
500 1398 688 1467 uigens
728 1416 858 1450 ausa
897 1401 980 1450 est
1017 1399 1280 1451 incessere
1320 1399 1487 1467 bello,

39 1459 198 1537 Hunc
237 1489 447 1540 quoque
484 1489 684 1540 perque
722 1489 917 1524 nouem
955 1471 1140 1523 timuit
1177 1471 1498 1541 Pamphylia
1537 1492 1739 1527 messes

40 1541 455 1613 Pannoniusque
492 1544 643 1598 ferox
683 1562 912 1613 arcuque
951 1544 1224 1598 horrenda'
1257 1545 1436 1615 fugaci

41 1616 297 1682 Armenia
337 1621 390 1671 et
427 1617 638 1687 patiens
677 1616 819 1670 Latii
858 1618 966 1670 iam
1005 1619 1185 1686 pontis
1223 1618 1444 1672 Araxes.

42 1689 180 1753 Quid
219 1690 464 1761 geminos
503 1690 676 1744 fasces
715 1708 1051 1760 magnaeque
1089 1693 1284 1744 iterata
1320 1693 1594 1746 reuoluam
1756 1707 1814 1748 80

41 1760 165 1817 Iura
203 1762 407 1818 Asiae?
465 1763 600 1817 uelit
635 1764 730 1817 illa
768 1764 981 1834 quidem
1020 1767 1104 1817 ter
1142 1765 1341 1818 habere
1380 1771 1671 1837 quaterque

41 1834 196 1891 Hunc
235 1837 359 1907 sibi,
398 1837 491 1891 sed
529 1841 787 1892 reuocant
824 1838 955 1891 fasti
995 1839 1269 1907 maiorque
1308 1841 1506 1892 curulis

39 1908 153 1963 Nec
190 1911 456 1979 promissa
495 1912 674 1965 semel.
734 1910 923 1980 Libyci
964 1911 1089 1983 quid
1131 1912 1268 1964 mira
1304 1913 1494 1965 tributi

41 1983 311 2053 Obsequia
350 1986 404 2038 et
441 1984 665 2038 missum
703 1985 879 2037 media
918 1985 982 2037 de
1021 2002 1151 2054 pace
1189 1986 1522 2054 triumphum

42 2057 278 2111 Laudem
317 2059 372 2110 et
410 2075 537 2126 opes
575 2058 796 2111 tantas?
858 2076 955 2111 nec
995 2058 1086 2128 qui
1123 2059 1474 2112 mandauerat
1513 2079 1673 2113 ausus
1756 2074 1813 2114 85

160 2293 213 2334 61
245 2288 559 2347 Egressusque
589 2290 778 2345 scripsi:
809 2290 1175 2347 Progressusque
1201 2295 1229 2333 0
1248 2306 1275 2334 a
1298 2291 1485 2348 Praegr.
1514 2295 1543 2336 ς
1572 2294 1580 2349 Ι
1606 2307 1728 2337 nunc
1761 2298 1812 2337 3:

40 2346 165 2394 hunc
196 2351 224 2390 0
255 2362 282 2390 a
313 2348 402 2392 huc
435 2350 463 2391 ς
494 2346 604 2391 hinc
635 2347 768 2392 Dom.
812 2350 819 2405 Ι
862 2349 1114 2406 epidaurea
1146 2354 1174 2392 0
1206 2365 1234 2392 a
1268 2351 1285 2406 ΙΙ
1324 2355 1378 2394 62
1412 2350 1531 2395 Hinc
1564 2356 1593 2393 0
1625 2366 1672 2394 a:
1711 2351 1813 2396 Huc

42 2404 292 2466 stewartius
319 2407 325 2460 Ι
353 2405 422 2449 ait
450 2406 468 2450 i
497 2407 661 2462 scripsi
671 2422 683 2447 .-
715 2407 802 2451 alti
825 2411 854 2449 0
886 2422 913 2450 ει
944 2408 1052 2452 altis
1086 2408 1333 2452 Geuartius
1359 2409 1427 2452 ait
1457 2423 1513 2453 en
1545 2410 1769 2454 Heinsius
1799 2413 1813 2467 i}

41 2465 98 2513 03
122 2466 361 2509 teneamus
393 2468 422 2506 0
439 2479 486 2508 a:
518 2467 752 2509 tentemus
775 2466 1053 2511 Bernartius
1075 2468 1091 2523 n
1115 2473 1170 2511 64
1203 2467 1448 2512 Tardantis
1479 2470 1666 2524 scripsi:
1697 2470 1813 2513 Ten-

38 2520 164 2568 datis
189 2527 218 2566 0
234 2538 285 2578 ας
309 2523 460 2579 possis
483 2527 524 2567 et
546 2524 797 2569 Tenvantis
830 2526 1026 2569 conicere
1050 2527 1146 2571 coll.
1172 2526 1214 2569 V
1241 2531 1279 2581 1,
1307 2531 1388 2570 156
1414 2530 1455 2570 et
1477 2527 1531 2572 L.
1560 2528 1814 2572 Muellerus

39 2582 85 2634 ὅ.
117 2596 155 2626 r.
186 2596 243 2626 m.
275 2585 384 2628 260.
433 2581 692 2628 Tendentes
727 2584 898 2628 Markl.
934 2586 950 2640 ΙΙ
989 2588 1043 2627 65
1077 2584 1289 2628 laudauit
1327 2590 1356 2626 0
1387 2600 1427 2639 a,
1485 2599 1600 2629 corr.
1635 2591 1664 2630 ς
1695 2587 1710 2644 Η
1757 2590 1812 2631 68

39 2639 386 2702 praemissaque
402 2643 462 2684 A:
480 2641 549 2684 ita
564 2642 636 2685 uel
666 2642 979 2698 permissaque
998 2647 1025 2684 0
1048 2644 1064 2698 ΙΙ
1089 2649 1141 2686 71
1166 2643 1237 2686 illi
1270 2657 1362 2699 qua
1391 2645 1579 2699 scripsi:
1612 2644 1684 2688 illi
1702 2658 1814 2701 qua·

41 2709 131 2757 que
155 2702 206 2755 Δ,
237 2703 290 2742 ut
318 2699 415 2744 uid.
446 2698 519 2743 illi
549 2712 730 2756 quoque
763 2705 792 2743 0
821 2700 919 2744 illic
951 2715 1131 2757 quoque
1159 2702 1446 2758 Peyraredus
1467 2704 1484 2758 ΙΙ
1508 2708 1561 2746 73
1589 2702 1814 2748 Occiduas

75 2757 308 2814 rimasque
340 2758 500 2802 domos
532 2762 561 2799 0
591 2773 631 2812 ει,
665 2772 776 2804 corr.
803 2759 993 2804 Guietus
1031 2762 1047 2816 u
1086 2765 1141 2804 74
1173 2760 1429 2804 Permetuit
1452 2766 1489 2819 x(2
1520 2777 1560 2817 a,
1593 2775 1707 2807 corr.
1741 2767 1769 2806 ς
1805 2762 1810 2820 Ι

40 2770 287 2919 Ξωίιαυᾶ.
321 2815 586 2861 Gebhardus
616 2818 632 2873 ΙΙ
672 2821 726 2861 75
757 2818 930 2875 retingi
961 2823 1003 2874 0,
1044 2831 1156 2863 corr.
1190 2833 1217 2861 a
1249 2819 1265 2875 fl
1305 2824 1357 2863 77
1390 2819 1465 2863 Me
1497 2834 1680 2876 quoque
1712 2825 1741 2862 0
1772 2836 1813 2876 a,

40 2884 155 2921 00⁴1·st
236 2887 318 2919 om.

40 2998 69 3106 ᾇ
