<?xml version="1.0" encoding="UTF-8"?>
<!DOCTYPE html PUBLIC "-//W3C//DTD XHTML 1.0 Transitional//EN"
    "http://www.w3.org/TR/xhtml1/DTD/xhtml1-transitional.dtd">
<html xmlns="http://www.w3.org/1999/xhtml" xml:lang="en" lang="en">
 <head>
  <title>
</title>
<meta http-equiv="Content-Type" content="text/html;charset=utf-8" />
  <meta name='ocr-system' content='tesseract 3.04.00' />
  <meta name='ocr-capabilities' content='ocr_page ocr_carea ocr_par ocr_line ocrx_word'/>
</head>
<body>
  <div class='ocr_page' id='page_1' title='image "./operapapinius12statuoft_0349.png"; bbox 0 0 1976 3094; ppageno 0'>
   <div class='ocr_carea' id='block_1_1' title="bbox 86 0 463 77">
    <p class='ocr_par' dir='ltr' id='par_1_1' title="bbox 86 0 463 77">
     <span class='ocr_line' id='line_1_1' title="bbox 86 0 463 77; baseline 0 3017"><span class='ocrx_word' id='word_1_1' title='bbox 86 0 463 77; x_wconf 95' lang='lat' dir='ltr'> </span> 
     </span>
    </p>
   </div>
   <div class='ocr_carea' id='block_1_2' title="bbox 645 183 1791 240">
    <p class='ocr_par' dir='ltr' id='par_1_2' title="bbox 645 183 1791 240">
     <span class='ocr_line' id='line_1_2' title="bbox 645 183 1791 240; baseline 0.009 -10"><span class='ocrx_word' id='word_1_2' title='bbox 645 183 988 232; x_wconf 82' lang='lat' dir='ltr'>THEBAIDOS</span> <span class='ocrx_word' id='word_1_3' title='bbox 1018 185 1131 231; x_wconf 88' lang='lat' dir='ltr'>LIB.</span> <span class='ocrx_word' id='word_1_4' title='bbox 1162 183 1241 234; x_wconf 87' lang='grc' dir='ltr'>ΠΙ.</span> <span class='ocrx_word' id='word_1_5' title='bbox 1722 186 1791 240; x_wconf 76' lang='grc'>79</span> 
     </span>
    </p>
   </div>
   <div class='ocr_carea' id='block_1_3' title="bbox 14 305 1793 750">
    <p class='ocr_par' dir='ltr' id='par_1_3' title="bbox 14 305 1793 750">
     <span class='ocr_line' id='line_1_3' title="bbox 178 305 1589 381; baseline -0.001 -18"><span class='ocrx_word' id='word_1_6' title='bbox 178 308 363 381; x_wconf 83' lang='lat' dir='ltr'>Atque</span> <span class='ocrx_word' id='word_1_7' title='bbox 399 306 490 363; x_wconf 80' lang='lat' dir='ltr'>hio</span> <span class='ocrx_word' id='word_1_8' title='bbox 528 306 739 379; x_wconf 78' lang='lat' dir='ltr'><strong>ingenti</strong></span> <span class='ocrx_word' id='word_1_9' title='bbox 778 305 1060 379; x_wconf 82' lang='lat' dir='ltr'><strong>Capaneus</strong></span> <span class='ocrx_word' id='word_1_10' title='bbox 1099 307 1364 362; x_wconf 84' lang='lat' dir='ltr'>Mavortis</span> <span class='ocrx_word' id='word_1_11' title='bbox 1405 325 1589 362; x_wconf 87' lang='lat' dir='ltr'>amore</span> 
     </span>
     <span class='ocr_line' id='line_1_4' title="bbox 97 381 1531 452; baseline -0.003 -13"><span class='ocrx_word' id='word_1_12' title='bbox 97 382 322 439; x_wconf 85' lang='lat' dir='ltr'>Excitus</span> <span class='ocrx_word' id='word_1_13' title='bbox 362 386 418 437; x_wconf 81' lang='lat' dir='ltr'>et</span> <span class='ocrx_word' id='word_1_14' title='bbox 455 381 675 452; x_wconf 82' lang='lat' dir='ltr'>longam</span> <span class='ocrx_word' id='word_1_15' title='bbox 715 382 923 452; x_wconf 87' lang='lat' dir='ltr'>pridem</span> <span class='ocrx_word' id='word_1_16' title='bbox 964 381 1306 452; x_wconf 77' lang='lat' dir='ltr'>indignantia</span> <span class='ocrx_word' id='word_1_17' title='bbox 1343 399 1531 452; x_wconf 83' lang='lat' dir='ltr'><strong>pacem</strong></span> 
     </span>
     <span class='ocr_line' id='line_1_5' title="bbox 101 454 1793 528; baseline 0 -16"><span class='ocrx_word' id='word_1_18' title='bbox 101 456 277 512; x_wconf 82' lang='lat' dir='ltr'>Corda</span> <span class='ocrx_word' id='word_1_19' title='bbox 300 459 514 511; x_wconf 86' lang='lat' dir='ltr'>tumens</span> <span class='ocrx_word' id='word_1_20' title='bbox 542 454 690 528; x_wconf 88' lang='lat' dir='ltr'>(huic</span> <span class='ocrx_word' id='word_1_21' title='bbox 715 457 895 526; x_wconf 90' lang='lat' dir='ltr'>ampla</span> <span class='ocrx_word' id='word_1_22' title='bbox 916 455 1128 526; x_wconf 92' lang='lat' dir='ltr'>quidem</span> <span class='ocrx_word' id='word_1_23' title='bbox 1148 455 1212 509; x_wconf 89' lang='lat' dir='ltr'>de</span> <span class='ocrx_word' id='word_1_24' title='bbox 1230 457 1491 526; x_wconf 89' lang='lat' dir='ltr'>sanguine</span> <span class='ocrx_word' id='word_1_25' title='bbox 1508 455 1687 525; x_wconf 89' lang='lat' dir='ltr'>prisco</span> <span class='ocrx_word' id='word_1_26' title='bbox 1706 470 1793 512; x_wconf 79' lang='lat'>600</span> 
     </span>
     <span class='ocr_line' id='line_1_6' title="bbox 34 529 1723 603; baseline -0.001 -17"><span class='ocrx_word' id='word_1_27' title='bbox 34 550 36 563; x_wconf 66' lang='lat'>³</span> <span class='ocrx_word' id='word_1_28' title='bbox 98 529 398 603; x_wconf 83' lang='lat' dir='ltr'>Nobilitas3</span> <span class='ocrx_word' id='word_1_29' title='bbox 437 530 530 585; x_wconf 86' lang='lat' dir='ltr'>sed</span> <span class='ocrx_word' id='word_1_30' title='bbox 570 530 714 584; x_wconf 91' lang='lat' dir='ltr'>enim</span> <span class='ocrx_word' id='word_1_31' title='bbox 754 530 869 599; x_wconf 90' lang='lat' dir='ltr'>ipse</span> <span class='ocrx_word' id='word_1_32' title='bbox 909 548 1071 583; x_wconf 86' lang='lat' dir='ltr'>manu</span> <span class='ocrx_word' id='word_1_33' title='bbox 1112 547 1461 600; x_wconf 84' lang='lat' dir='ltr'>praegressus</span> <span class='ocrx_word' id='word_1_34' title='bbox 1502 548 1723 584; x_wconf 83' lang='lat' dir='ltr'>avorum</span> 
     </span>
     <span class='ocr_line' id='line_1_7' title="bbox 14 603 1538 675; baseline -0.001 -15"><span class='ocrx_word' id='word_1_35' title='bbox 14 650 15 665; x_wconf 48' lang='lat'>2</span> <span class='ocrx_word' id='word_1_36' title='bbox 99 604 288 674; x_wconf 86' lang='lat' dir='ltr'>Facta,</span> <span class='ocrx_word' id='word_1_37' title='bbox 328 603 420 659; x_wconf 89' lang='lat' dir='ltr'>diu</span> <span class='ocrx_word' id='word_1_38' title='bbox 457 608 575 659; x_wconf 87' lang='lat' dir='ltr'>tuto</span> <span class='ocrx_word' id='word_1_39' title='bbox 617 621 870 674; x_wconf 90' lang='lat' dir='ltr'>superum</span> <span class='ocrx_word' id='word_1_40' title='bbox 910 607 1250 674; x_wconf 81' lang='lat' dir='ltr'>contemptor</span> <span class='ocrx_word' id='word_1_41' title='bbox 1290 607 1344 658; x_wconf 86' lang='lat' dir='ltr'>et</span> <span class='ocrx_word' id='word_1_42' title='bbox 1383 605 1538 675; x_wconf 89' lang='lat' dir='ltr'>aequi</span> 
     </span>
     <span class='ocr_line' id='line_1_8' title="bbox 95 677 1635 750; baseline -0.002 -16"><span class='ocrx_word' id='word_1_43' title='bbox 95 678 396 750; x_wconf 74' lang='lat' dir='ltr'>Impatiens</span> <span class='ocrx_word' id='word_1_44' title='bbox 435 678 620 750; x_wconf 85' lang='lat' dir='ltr'>largus</span> <span class='ocrx_word' id='word_1_45' title='bbox 662 697 727 732; x_wconf 92' lang='lat' dir='ltr'>ue</span> <span class='ocrx_word' id='word_1_46' title='bbox 768 679 1005 747; x_wconf 87' lang='lat' dir='ltr'>animae,</span> <span class='ocrx_word' id='word_1_47' title='bbox 1044 678 1203 732; x_wconf 94' lang='lat' dir='ltr'>modo</span> <span class='ocrx_word' id='word_1_48' title='bbox 1244 679 1477 732; x_wconf 77' lang='lat' dir='ltr'>suaserit</span> <span class='ocrx_word' id='word_1_49' title='bbox 1513 677 1635 750; x_wconf 89' lang='lat' dir='ltr'>ira),</span> 
     </span>
    </p>
   </div>
   <div class='ocr_carea' id='block_1_4' title="bbox 3 752 1788 972">
    <p class='ocr_par' dir='ltr' id='par_1_4' title="bbox 3 752 1788 972">
     <span class='ocr_line' id='line_1_9' title="bbox 3 752 1422 822; baseline -0.001 -14"><span class='ocrx_word' id='word_1_50' title='bbox 3 759 4 762; x_wconf 76' lang='grc'>’</span> <span class='ocrx_word' id='word_1_51' title='bbox 92 752 246 808; x_wconf 89' lang='lat' dir='ltr'>Unus</span> <span class='ocrx_word' id='word_1_52' title='bbox 284 755 347 808; x_wconf 87' lang='lat' dir='ltr'>ut</span> <span class='ocrx_word' id='word_1_53' title='bbox 379 771 407 807; x_wconf 92' lang='lat' dir='ltr'>e</span> <span class='ocrx_word' id='word_1_54' title='bbox 440 753 594 807; x_wconf 87' lang='lat' dir='ltr'>silvis</span> <span class='ocrx_word' id='word_1_55' title='bbox 678 752 867 807; x_wconf 90' lang='lat' dir='ltr'>holoes</span> <span class='ocrx_word' id='word_1_56' title='bbox 906 752 1184 806; x_wconf 84' lang='lat' dir='ltr'>habitator</span> <span class='ocrx_word' id='word_1_57' title='bbox 1223 771 1422 822; x_wconf 84' lang='lat' dir='ltr'>opacae</span> 
     </span>
     <span class='ocr_line' id='line_1_10' title="bbox 4 826 1788 897; baseline 0 -15"><span class='ocrx_word' id='word_1_58' title='bbox 4 861 5 871; x_wconf 31' lang='grc' dir='ltr'><strong>κ</strong></span> <span class='ocrx_word' id='word_1_59' title='bbox 93 826 244 882; x_wconf 89' lang='lat' dir='ltr'>Inter</span> <span class='ocrx_word' id='word_1_60' title='bbox 282 829 338 881; x_wconf 92' lang='lat' dir='ltr'>et</span> <span class='ocrx_word' id='word_1_61' title='bbox 375 826 649 881; x_wconf 88' lang='lat' dir='ltr'>Aetnaeos</span> <span class='ocrx_word' id='word_1_62' title='bbox 691 844 892 897; x_wconf 89' lang='lat' dir='ltr'>aequus</span> <span class='ocrx_word' id='word_1_63' title='bbox 933 843 1256 897; x_wconf 85' lang='lat' dir='ltr'>consurgere</span> <span class='ocrx_word' id='word_1_64' title='bbox 1295 827 1513 895; x_wconf 87' lang='lat' dir='ltr'>fratres,</span> <span class='ocrx_word' id='word_1_65' title='bbox 1702 840 1788 882; x_wconf 81' lang='lat'>605</span> 
     </span>
     <span class='ocr_line' id='line_1_11' title="bbox 3 900 1640 972; baseline -0.001 -16"><span class='ocrx_word' id='word_1_66' title='bbox 3 924 6 955; x_wconf 67' lang='lat'><em>1</em></span> <span class='ocrx_word' id='word_1_67' title='bbox 95 903 239 956; x_wconf 86' lang='lat' dir='ltr'>Ante</span> <span class='ocrx_word' id='word_1_68' title='bbox 276 901 446 972; x_wconf 88' lang='lat' dir='ltr'>fores,</span> <span class='ocrx_word' id='word_1_69' title='bbox 484 901 579 955; x_wconf 87' lang='lat' dir='ltr'>ubi</span> <span class='ocrx_word' id='word_1_70' title='bbox 615 901 777 955; x_wconf 89' lang='lat' dir='ltr'>turba</span> <span class='ocrx_word' id='word_1_71' title='bbox 815 901 1009 955; x_wconf 91' lang='lat' dir='ltr'>ducum</span> <span class='ocrx_word' id='word_1_72' title='bbox 1049 900 1302 972; x_wconf 87' lang='lat' dir='ltr'>vulgique</span> <span class='ocrx_word' id='word_1_73' title='bbox 1341 901 1640 972; x_wconf 76' lang='lat' dir='ltr'>frementiS,</span> 
     </span>
    </p>
   </div>
   <div class='ocr_carea' id='block_1_5' title="bbox 91 974 1535 1047">
    <p class='ocr_par' dir='ltr' id='par_1_5' title="bbox 91 974 1535 1047">
     <span class='ocr_line' id='line_1_12' title="bbox 91 974 1535 1047; baseline 0.001 -18"><span class='ocrx_word' id='word_1_74' title='bbox 91 975 443 1047; x_wconf 88' lang='lat' dir='ltr'>Amphiarae,</span> <span class='ocrx_word' id='word_1_75' title='bbox 483 979 604 1029; x_wconf 82' lang='lat' dir='ltr'>tuas</span> <span class='ocrx_word' id='word_1_76' title='bbox 644 974 799 1046; x_wconf 78' lang='lat' dir='ltr'>‘quae</span> <span class='ocrx_word' id='word_1_77' title='bbox 838 978 995 1029; x_wconf 88' lang='lat' dir='ltr'>tanta</span> <span class='ocrx_word' id='word_1_78' title='bbox 1033 974 1272 1045; x_wconf 84' lang='lat' dir='ltr'>ignavia’</span> <span class='ocrx_word' id='word_1_79' title='bbox 1313 975 1535 1041; x_wconf 87' lang='lat' dir='ltr'>clamat,</span> 
     </span>
    </p>
   </div>
   <div class='ocr_carea' id='block_1_6' title="bbox 6 1049 1577 1196">
    <p class='ocr_par' dir='ltr' id='par_1_6' title="bbox 6 1049 1577 1196">
     <span class='ocr_line' id='line_1_13' title="bbox 6 1049 1577 1120; baseline 0 -18"><span class='ocrx_word' id='word_1_80' title='bbox 6 1097 7 1102; x_wconf 75' lang='grc'>,</span> <span class='ocrx_word' id='word_1_81' title='bbox 98 1049 406 1105; x_wconf 78' lang='lat' dir='ltr'>‘Inachidae</span> <span class='ocrx_word' id='word_1_82' title='bbox 445 1067 648 1120; x_wconf 82' lang='lat' dir='ltr'>vosque</span> <span class='ocrx_word' id='word_1_83' title='bbox 682 1068 713 1103; x_wconf 96' lang='lat' dir='ltr'>o</span> <span class='ocrx_word' id='word_1_84' title='bbox 749 1050 895 1104; x_wconf 89' lang='lat' dir='ltr'>socio</span> <span class='ocrx_word' id='word_1_85' title='bbox 937 1050 1001 1103; x_wconf 91' lang='lat' dir='ltr'>de</span> <span class='ocrx_word' id='word_1_86' title='bbox 1042 1050 1303 1119; x_wconf 84' lang='lat' dir='ltr'>sanguine</span> <span class='ocrx_word' id='word_1_87' title='bbox 1342 1049 1577 1103; x_wconf 78' lang='lat' dir='ltr'>Achivi?</span> 
     </span>
     <span class='ocr_line' id='line_1_14' title="bbox 6 1121 1487 1196; baseline -0.001 -18"><span class='ocrx_word' id='word_1_88' title='bbox 6 1159 7 1179; x_wconf 56' lang='lat'><em>2</em></span> <span class='ocrx_word' id='word_1_89' title='bbox 95 1123 270 1179; x_wconf 88' lang='lat' dir='ltr'>Unius</span> <span class='ocrx_word' id='word_1_90' title='bbox 311 1121 440 1196; x_wconf 89' lang='lat' dir='ltr'>(heu</span> <span class='ocrx_word' id='word_1_91' title='bbox 477 1121 723 1195; x_wconf 70' lang='lat' dir='ltr'>pudeati)</span> <span class='ocrx_word' id='word_1_92' title='bbox 762 1124 976 1194; x_wconf 89' lang='lat' dir='ltr'>plebeia</span> <span class='ocrx_word' id='word_1_93' title='bbox 1016 1123 1083 1177; x_wconf 91' lang='lat' dir='ltr'>ad</span> <span class='ocrx_word' id='word_1_94' title='bbox 1124 1124 1315 1177; x_wconf 88' lang='lat' dir='ltr'>limina</span> <span class='ocrx_word' id='word_1_95' title='bbox 1354 1123 1487 1177; x_wconf 86' lang='lat' dir='ltr'>civis</span> 
     </span>
    </p>
   </div>
   <div class='ocr_carea' id='block_1_7' title="bbox 0 804 40 3094">
    <p class='ocr_par' dir='ltr' id='par_1_7' title="bbox 0 804 40 3094">
     <span class='ocr_line' id='line_1_15' title="bbox 0 804 40 3094; baseline 0 0"><span class='ocrx_word' id='word_1_96' title='bbox 0 804 40 3094; x_wconf 95' lang='lat' dir='ltr'> </span> 
     </span>
    </p>
   </div>
   <div class='ocr_carea' id='block_1_8' title="bbox 29 1197 1790 2459">
    <p class='ocr_par' dir='ltr' id='par_1_8' title="bbox 46 1197 1790 1491">
     <span class='ocr_line' id='line_1_16' title="bbox 46 1197 1790 1267; baseline 0.001 -15"><span class='ocrx_word' id='word_1_97' title='bbox 46 1205 49 1210; x_wconf 59' lang='lat'><strong><em>⁴</em></strong></span> <span class='ocrx_word' id='word_1_98' title='bbox 92 1197 199 1252; x_wconf 87' lang='lat' dir='ltr'>Tot</span> <span class='ocrx_word' id='word_1_99' title='bbox 236 1198 380 1252; x_wconf 87' lang='lat' dir='ltr'>ferro</span> <span class='ocrx_word' id='word_1_100' title='bbox 422 1199 693 1253; x_wconf 86' lang='lat' dir='ltr'>accinctae</span> <span class='ocrx_word' id='word_1_101' title='bbox 734 1202 923 1267; x_wconf 87' lang='lat' dir='ltr'>gentes</span> <span class='ocrx_word' id='word_1_102' title='bbox 964 1198 1263 1267; x_wconf 88' lang='lat' dir='ltr'>animisque</span> <span class='ocrx_word' id='word_1_103' title='bbox 1303 1203 1527 1266; x_wconf 86' lang='lat' dir='ltr'>paratae</span> <span class='ocrx_word' id='word_1_104' title='bbox 1704 1212 1790 1254; x_wconf 77' lang='lat'>610</span> 
     </span>
     <span class='ocr_line' id='line_1_17' title="bbox 93 1270 1672 1342; baseline 0.001 -16"><span class='ocrx_word' id='word_1_105' title='bbox 93 1271 436 1327; x_wconf 75' lang='lat' dir='ltr'>Pendemus?</span> <span class='ocrx_word' id='word_1_106' title='bbox 462 1271 616 1334; x_wconf 71' lang='lat' dir='ltr'>,Non</span> <span class='ocrx_word' id='word_1_107' title='bbox 655 1272 702 1326; x_wconf 90' lang='lat' dir='ltr'>si</span> <span class='ocrx_word' id='word_1_108' title='bbox 740 1273 855 1342; x_wconf 90' lang='lat' dir='ltr'>ipse</span> <span class='ocrx_word' id='word_1_109' title='bbox 896 1290 1026 1326; x_wconf 86' lang='lat' dir='ltr'>cavo</span> <span class='ocrx_word' id='word_1_110' title='bbox 1068 1272 1166 1325; x_wconf 89' lang='lat' dir='ltr'>sub</span> <span class='ocrx_word' id='word_1_111' title='bbox 1208 1271 1408 1325; x_wconf 84' lang='lat' dir='ltr'>vertice</span> <span class='ocrx_word' id='word_1_112' title='bbox 1449 1270 1672 1327; x_wconf 87' lang='lat' dir='ltr'>Cirrhae</span> 
     </span>
     <span class='ocr_line' id='line_1_18' title="bbox 97 1344 1743 1419; baseline 0.001 -19"><span class='ocrx_word' id='word_1_113' title='bbox 97 1344 380 1419; x_wconf 82' lang='lat' dir='ltr'>(Quisquis</span> <span class='ocrx_word' id='word_1_114' title='bbox 418 1347 464 1400; x_wconf 90' lang='lat' dir='ltr'>is</span> <span class='ocrx_word' id='word_1_115' title='bbox 505 1351 610 1416; x_wconf 87' lang='lat' dir='ltr'>est,</span> <span class='ocrx_word' id='word_1_116' title='bbox 649 1347 852 1399; x_wconf 90' lang='lat' dir='ltr'>timidis</span> <span class='ocrx_word' id='word_1_117' title='bbox 891 1346 1173 1416; x_wconf 85' lang='lat' dir='ltr'>famaeque</span> <span class='ocrx_word' id='word_1_118' title='bbox 1213 1346 1292 1400; x_wconf 87' lang='lat' dir='ltr'>ita</span> <span class='ocrx_word' id='word_1_119' title='bbox 1332 1345 1502 1417; x_wconf 86' lang='lat' dir='ltr'>visus)</span> <span class='ocrx_word' id='word_1_120' title='bbox 1543 1347 1743 1417; x_wconf 85' lang='lat' dir='ltr'>Apollo</span> 
     </span>
     <span class='ocr_line' id='line_1_19' title="bbox 95 1421 1393 1491; baseline -0.003 -15"><span class='ocrx_word' id='word_1_121' title='bbox 95 1421 310 1491; x_wconf 82' lang='lat' dir='ltr'>Mugiat</span> <span class='ocrx_word' id='word_1_122' title='bbox 349 1421 540 1475; x_wconf 88' lang='lat' dir='ltr'>insano</span> <span class='ocrx_word' id='word_1_123' title='bbox 580 1421 797 1491; x_wconf 90' lang='lat' dir='ltr'>penitus</span> <span class='ocrx_word' id='word_1_124' title='bbox 839 1421 1078 1474; x_wconf 84' lang='lat' dir='ltr'>seclusus</span> <span class='ocrx_word' id='word_1_125' title='bbox 1118 1421 1175 1473; x_wconf 93' lang='lat' dir='ltr'>in</span> <span class='ocrx_word' id='word_1_126' title='bbox 1216 1424 1393 1489; x_wconf 88' lang='lat' dir='ltr'>antro,</span> 
     </span>
    </p>

    <p class='ocr_par' dir='ltr' id='par_1_9' title="bbox 29 1494 1601 1565">
     <span class='ocr_line' id='line_1_20' title="bbox 29 1494 1601 1565; baseline -0.001 -16"><span class='ocrx_word' id='word_1_127' title='bbox 29 1548 34 1563; x_wconf 63' lang='lat'>.</span> <span class='ocrx_word' id='word_1_128' title='bbox 94 1494 399 1565; x_wconf 78' lang='lat' dir='ltr'>Expectare</span> <span class='ocrx_word' id='word_1_129' title='bbox 438 1513 654 1565; x_wconf 88' lang='lat' dir='ltr'>queam,</span> <span class='ocrx_word' id='word_1_130' title='bbox 693 1494 819 1548; x_wconf 91' lang='lat' dir='ltr'>dum</span> <span class='ocrx_word' id='word_1_131' title='bbox 857 1494 1063 1564; x_wconf 88' lang='lat' dir='ltr'>pallida</span> <span class='ocrx_word' id='word_1_132' title='bbox 1100 1495 1254 1565; x_wconf 87' lang='lat' dir='ltr'>virgo</span> <span class='ocrx_word' id='word_1_133' title='bbox 1295 1494 1601 1548; x_wconf 88' lang='lat' dir='ltr'>tremendas</span> 
     </span>
    </p>

    <p class='ocr_par' dir='ltr' id='par_1_10' title="bbox 30 1566 1787 2158">
     <span class='ocr_line' id='line_1_21' title="bbox 30 1566 1786 1644; baseline -0.001 -21"><span class='ocrx_word' id='word_1_134' title='bbox 30 1566 38 1644; x_wconf 56' lang='grc' dir='ltr'>’ᾗ</span> <span class='ocrx_word' id='word_1_135' title='bbox 93 1567 326 1623; x_wconf 86' lang='lat' dir='ltr'>Nuntiet</span> <span class='ocrx_word' id='word_1_136' title='bbox 365 1570 524 1623; x_wconf 83' lang='lat' dir='ltr'>amba</span> <span class='ocrx_word' id='word_1_137' title='bbox 568 1588 638 1623; x_wconf 82' lang='lat' dir='ltr'>eS.</span> <span class='ocrx_word' id='word_1_138' title='bbox 714 1568 904 1623; x_wconf 91' lang='lat' dir='ltr'>Virtus</span> <span class='ocrx_word' id='word_1_139' title='bbox 945 1569 1081 1621; x_wconf 85' lang='lat' dir='ltr'>mihi</span> <span class='ocrx_word' id='word_1_140' title='bbox 1119 1587 1319 1621; x_wconf 90' lang='lat' dir='ltr'>numen</span> <span class='ocrx_word' id='word_1_141' title='bbox 1361 1572 1415 1621; x_wconf 84' lang='lat' dir='ltr'>et</span> <span class='ocrx_word' id='word_1_142' title='bbox 1458 1572 1624 1635; x_wconf 85' lang='lat' dir='ltr'>ensiS,</span> <span class='ocrx_word' id='word_1_143' title='bbox 1701 1583 1786 1623; x_wconf 83' lang='lat'>615</span> 
     </span>
     <span class='ocr_line' id='line_1_22' title="bbox 97 1643 1787 1714; baseline 0 -17"><span class='ocrx_word' id='word_1_144' title='bbox 97 1643 268 1707; x_wconf 85' lang='lat' dir='ltr'>Quem</span> <span class='ocrx_word' id='word_1_145' title='bbox 306 1643 488 1698; x_wconf 81' lang='lat' dir='ltr'>teneo!</span> <span class='ocrx_word' id='word_1_146' title='bbox 558 1662 749 1714; x_wconf 89' lang='lat' dir='ltr'>amque</span> <span class='ocrx_word' id='word_1_147' title='bbox 789 1643 876 1697; x_wconf 88' lang='lat' dir='ltr'>hic</span> <span class='ocrx_word' id='word_1_148' title='bbox 916 1643 1110 1696; x_wconf 87' lang='lat' dir='ltr'>timida</span> <span class='ocrx_word' id='word_1_149' title='bbox 1149 1661 1271 1696; x_wconf 92' lang='lat' dir='ltr'>cum</span> <span class='ocrx_word' id='word_1_150' title='bbox 1310 1643 1497 1695; x_wconf 87' lang='lat' dir='ltr'>fraude</span> <span class='ocrx_word' id='word_1_151' title='bbox 1539 1643 1787 1697; x_wconf 87' lang='lat' dir='ltr'>sacerdos</span> 
     </span>
     <span class='ocr_line' id='line_1_23' title="bbox 94 1716 1646 1788; baseline 0.001 -18"><span class='ocrx_word' id='word_1_152' title='bbox 94 1716 294 1787; x_wconf 86' lang='lat' dir='ltr'>Exeat,</span> <span class='ocrx_word' id='word_1_153' title='bbox 333 1721 428 1772; x_wconf 87' lang='lat' dir='ltr'>aut</span> <span class='ocrx_word' id='word_1_154' title='bbox 466 1717 652 1788; x_wconf 90' lang='lat' dir='ltr'>hodie,</span> <span class='ocrx_word' id='word_1_155' title='bbox 692 1718 969 1771; x_wconf 87' lang='lat' dir='ltr'>volucrum</span> <span class='ocrx_word' id='word_1_156' title='bbox 1010 1735 1145 1787; x_wconf 86' lang='lat' dir='ltr'>quae</span> <span class='ocrx_word' id='word_1_157' title='bbox 1184 1720 1340 1770; x_wconf 85' lang='lat' dir='ltr'>tanta</span> <span class='ocrx_word' id='word_1_158' title='bbox 1378 1722 1646 1787; x_wconf 81' lang='lat' dir='ltr'>potestaS,</span> 
     </span>
     <span class='ocr_line' id='line_1_24' title="bbox 94 1790 1605 1862; baseline -0.001 -16"><span class='ocrx_word' id='word_1_159' title='bbox 94 1790 394 1861; x_wconf 60' lang='lat' dir='ltr'>Expefiar?</span> <span class='ocrx_word' id='word_1_160' title='bbox 470 1791 700 1846; x_wconf 88' lang='lat' dir='ltr'>Laetum</span> <span class='ocrx_word' id='word_1_161' title='bbox 739 1791 925 1846; x_wconf 86' lang='lat' dir='ltr'>fremit</span> <span class='ocrx_word' id='word_1_162' title='bbox 964 1791 1605 1862; x_wconf 78' lang='lat' dir='ltr'>assensuque‘furentem</span> 
     </span>
     <span class='ocr_line' id='line_1_25' title="bbox 91 1864 1785 1936; baseline 0.002 -19"><span class='ocrx_word' id='word_1_163' title='bbox 91 1864 290 1934; x_wconf 84' lang='lat' dir='ltr'>Implet</span> <span class='ocrx_word' id='word_1_164' title='bbox 328 1865 546 1920; x_wconf 86' lang='lat' dir='ltr'>Achaea</span> <span class='ocrx_word' id='word_1_165' title='bbox 592 1885 800 1921; x_wconf 84' lang='lat' dir='ltr'>manus,</span> <span class='ocrx_word' id='word_1_166' title='bbox 877 1866 1119 1919; x_wconf 87' lang='lat' dir='ltr'>Tandem</span> <span class='ocrx_word' id='word_1_167' title='bbox 1164 1885 1516 1936; x_wconf 91' lang='lat' dir='ltr'>prorumpere</span> <span class='ocrx_word' id='word_1_168' title='bbox 1564 1866 1785 1921; x_wconf 86' lang='lat' dir='ltr'>adactus</span> 
     </span>
     <span class='ocr_line' id='line_1_26' title="bbox 94 1938 1787 2012; baseline 0.001 -20"><span class='ocrx_word' id='word_1_169' title='bbox 94 1938 361 2009; x_wconf 77' lang='lat' dir='ltr'>OeclideS‚</span> <span class='ocrx_word' id='word_1_170' title='bbox 400 1939 506 1994; x_wconf 90' lang='lat' dir='ltr'>alio</span> <span class='ocrx_word' id='word_1_171' title='bbox 547 1958 796 1994; x_wconf 84' lang='lat' dir='ltr'>curarum</span> <span class='ocrx_word' id='word_1_172' title='bbox 839 1941 1082 2012; x_wconf 85' lang='lat' dir='ltr'>agitante</span> <span class='ocrx_word' id='word_1_173' title='bbox 1122 1941 1383 1993; x_wconf 88' lang='lat' dir='ltr'>tumultu:</span> <span class='ocrx_word' id='word_1_174' title='bbox 1701 1954 1787 1995; x_wconf 77' lang='lat'>620</span> 
     </span>
     <span class='ocr_line' id='line_1_27' title="bbox 94 2011 1554 2084; baseline 0.001 -18"><span class='ocrx_word' id='word_1_175' title='bbox 94 2011 249 2067; x_wconf 84' lang='lat' dir='ltr'>‘Non</span> <span class='ocrx_word' id='word_1_176' title='bbox 289 2013 534 2083; x_wconf 86' lang='lat' dir='ltr'>equidem</span> <span class='ocrx_word' id='word_1_177' title='bbox 573 2015 773 2068; x_wconf 85' lang='lat' dir='ltr'>effreno</span> <span class='ocrx_word' id='word_1_178' title='bbox 814 2015 1022 2067; x_wconf 85' lang='lat' dir='ltr'>iuvenis</span> <span class='ocrx_word' id='word_1_179' title='bbox 1063 2015 1297 2068; x_wconf 86' lang='lat' dir='ltr'>clamore</span> <span class='ocrx_word' id='word_1_180' title='bbox 1336 2014 1554 2084; x_wconf 88' lang='lat' dir='ltr'>profani</span> 
     </span>
     <span class='ocr_line' id='line_1_28' title="bbox 93 2086 1512 2158; baseline 0.001 -17"><span class='ocrx_word' id='word_1_181' title='bbox 93 2086 483 2157; x_wconf 84' lang='lat' dir='ltr'>Dictorumque</span> <span class='ocrx_word' id='word_1_182' title='bbox 522 2093 694 2157; x_wconf 80' lang='lat' dir='ltr'>metU,</span> <span class='ocrx_word' id='word_1_183' title='bbox 733 2089 862 2142; x_wconf 87' lang='lat' dir='ltr'>licet</span> <span class='ocrx_word' id='word_1_184' title='bbox 899 2089 987 2141; x_wconf 89' lang='lat' dir='ltr'>hic</span> <span class='ocrx_word' id='word_1_185' title='bbox 1024 2089 1216 2141; x_wconf 85' lang='lat' dir='ltr'>insana</span> <span class='ocrx_word' id='word_1_186' title='bbox 1254 2089 1512 2158; x_wconf 89' lang='lat' dir='ltr'>minetur,</span> 
     </span>
    </p>

    <p class='ocr_par' dir='ltr' id='par_1_11' title="bbox 93 2161 1294 2233">
     <span class='ocr_line' id='line_1_29' title="bbox 93 2161 1294 2233; baseline 0 -18"><span class='ocrx_word' id='word_1_187' title='bbox 93 2161 301 2216; x_wconf 83' lang='lat' dir='ltr'>Elicior</span> <span class='ocrx_word' id='word_1_188' title='bbox 337 2162 595 2233; x_wconf 86' lang='lat' dir='ltr'>tenebris;</span> <span class='ocrx_word' id='word_1_189' title='bbox 637 2163 743 2216; x_wconf 88' lang='lat' dir='ltr'>alio</span> <span class='ocrx_word' id='word_1_190' title='bbox 784 2162 920 2216; x_wconf 89' lang='lat' dir='ltr'>mihi</span> <span class='ocrx_word' id='word_1_191' title='bbox 960 2163 1141 2215; x_wconf 85' lang='lat' dir='ltr'>debita</span> <span class='ocrx_word' id='word_1_192' title='bbox 1179 2163 1294 2215; x_wconf 86' lang='lat' dir='ltr'>fato</span> 
     </span>
    </p>

    <p class='ocr_par' dir='ltr' id='par_1_12' title="bbox 95 2233 1608 2306">
     <span class='ocr_line' id='line_1_30' title="bbox 95 2233 1608 2306; baseline 0 -18"><span class='ocrx_word' id='word_1_193' title='bbox 95 2233 319 2290; x_wconf 81' lang='lat' dir='ltr'>Summa</span> <span class='ocrx_word' id='word_1_194' title='bbox 357 2236 493 2304; x_wconf 86' lang='lat' dir='ltr'>dies,</span> <span class='ocrx_word' id='word_1_195' title='bbox 531 2237 866 2306; x_wconf 81' lang='lat' dir='ltr'>vetitumque</span> <span class='ocrx_word' id='word_1_196' title='bbox 907 2238 1022 2289; x_wconf 88' lang='lat' dir='ltr'>dari</span> <span class='ocrx_word' id='word_1_197' title='bbox 1062 2237 1386 2289; x_wconf 83' lang='lat' dir='ltr'>mortalibus</span> <span class='ocrx_word' id='word_1_198' title='bbox 1427 2237 1608 2289; x_wconf 88' lang='lat' dir='ltr'>armis.</span> 
     </span>
    </p>

    <p class='ocr_par' dir='ltr' id='par_1_13' title="bbox 48 2307 1787 2459">
     <span class='ocr_line' id='line_1_31' title="bbox 97 2307 1784 2381; baseline 0.001 -19"><span class='ocrx_word' id='word_1_199' title='bbox 97 2307 199 2362; x_wconf 83' lang='lat' dir='ltr'>Sed</span> <span class='ocrx_word' id='word_1_200' title='bbox 240 2328 325 2363; x_wconf 88' lang='lat' dir='ltr'>me</span> <span class='ocrx_word' id='word_1_201' title='bbox 365 2314 542 2364; x_wconf 87' lang='lat' dir='ltr'>vester</span> <span class='ocrx_word' id='word_1_202' title='bbox 583 2330 734 2364; x_wconf 87' lang='lat' dir='ltr'>amor</span> <span class='ocrx_word' id='word_1_203' title='bbox 770 2313 1074 2380; x_wconf 88' lang='lat' dir='ltr'>nimiusque</span> <span class='ocrx_word' id='word_1_204' title='bbox 1117 2329 1312 2364; x_wconf 81' lang='lat' dir='ltr'>arcana</span> <span class='ocrx_word' id='word_1_205' title='bbox 1350 2311 1554 2381; x_wconf 85' lang='lat' dir='ltr'>profari</span> <span class='ocrx_word' id='word_1_206' title='bbox 1699 2325 1784 2364; x_wconf 82' lang='lat'>625</span> 
     </span>
     <span class='ocr_line' id='line_1_32' title="bbox 48 2383 1787 2459; baseline 0.002 -25"><span class='ocrx_word' id='word_1_207' title='bbox 48 2418 71 2459; x_wconf 50' lang='lat' dir='ltr'>a*</span> <span class='ocrx_word' id='word_1_208' title='bbox 98 2383 346 2438; x_wconf 87' lang='lat' dir='ltr'>Phoebus</span> <span class='ocrx_word' id='word_1_209' title='bbox 375 2385 512 2456; x_wconf 82' lang='lat' dir='ltr'>agit3</span> <span class='ocrx_word' id='word_1_210' title='bbox 537 2385 692 2439; x_wconf 83' lang='lat' dir='ltr'>vobis</span> <span class='ocrx_word' id='word_1_211' title='bbox 715 2390 944 2439; x_wconf 87' lang='lat' dir='ltr'>ventura</span> <span class='ocrx_word' id='word_1_212' title='bbox 971 2391 1130 2455; x_wconf 84' lang='lat' dir='ltr'>atque</span> <span class='ocrx_word' id='word_1_213' title='bbox 1157 2404 1331 2455; x_wconf 83' lang='lat' dir='ltr'>omne,</span> <span class='ocrx_word' id='word_1_214' title='bbox 1357 2385 1497 2455; x_wconf 91' lang='lat' dir='ltr'>quod</span> <span class='ocrx_word' id='word_1_215' title='bbox 1521 2385 1668 2438; x_wconf 83' lang='lat' dir='ltr'>ultra</span> <span class='ocrx_word' id='word_1_216' title='bbox 1689 2390 1787 2455; x_wconf 89' lang='lat' dir='ltr'>est,</span> 
     </span>
    </p>
   </div>
   <div class='ocr_carea' id='block_1_9' title="bbox 89 2490 443 2498">
    <p class='ocr_par' dir='ltr' id='par_1_14' title="bbox 89 2490 443 2498">
     <span class='ocr_line' id='line_1_33' title="bbox 89 2490 443 2498; baseline 0 596"><span class='ocrx_word' id='word_1_217' title='bbox 89 2490 443 2498; x_wconf 95' lang='lat' dir='ltr'> </span> 
     </span>
    </p>
   </div>
   <div class='ocr_carea' id='block_1_10' title="bbox 207 2530 1782 2588">
    <p class='ocr_par' dir='ltr' id='par_1_15' title="bbox 207 2530 1782 2588">
     <span class='ocr_line' id='line_1_34' title="bbox 207 2530 1782 2588; baseline 0.001 -13"><span class='ocrx_word' id='word_1_218' title='bbox 207 2535 292 2576; x_wconf 84' lang='grc'>598</span> <span class='ocrx_word' id='word_1_219' title='bbox 319 2546 418 2587; x_wconf 89' lang='lat' dir='ltr'>sqq.</span> <span class='ocrx_word' id='word_1_220' title='bbox 458 2530 634 2587; x_wconf 82' lang='lat' dir='ltr'>‘Atque</span> <span class='ocrx_word' id='word_1_221' title='bbox 660 2558 711 2564; x_wconf 89' lang='lat'>—-</span> <span class='ocrx_word' id='word_1_222' title='bbox 739 2532 943 2576; x_wconf 88' lang='lat' dir='ltr'>tumens’</span> <span class='ocrx_word' id='word_1_223' title='bbox 979 2531 1254 2576; x_wconf 84' lang='lat' dir='ltr'>Priscian.</span> <span class='ocrx_word' id='word_1_224' title='bbox 1289 2531 1332 2575; x_wconf 80' lang='lat' dir='ltr'>X</span> <span class='ocrx_word' id='word_1_225' title='bbox 1364 2537 1404 2587; x_wconf 88' lang='lat'>9,</span> <span class='ocrx_word' id='word_1_226' title='bbox 1438 2537 1494 2576; x_wconf 83' lang='lat'>55</span> <span class='ocrx_word' id='word_1_227' title='bbox 1526 2547 1571 2588; x_wconf 89' lang='lat' dir='ltr'>p.</span> <span class='ocrx_word' id='word_1_228' title='bbox 1606 2538 1692 2576; x_wconf 75' lang='lat'>544</span> <span class='ocrx_word' id='word_1_229' title='bbox 1724 2531 1782 2577; x_wconf 91' lang='lat' dir='ltr'>H.</span> 
     </span>
    </p>
   </div>
   <div class='ocr_carea' id='block_1_11' title="bbox 91 2631 444 2638">
    <p class='ocr_par' dir='ltr' id='par_1_16' title="bbox 91 2631 444 2638">
     <span class='ocr_line' id='line_1_35' title="bbox 91 2631 444 2638; baseline 0 456"><span class='ocrx_word' id='word_1_230' title='bbox 91 2631 444 2638; x_wconf 95' lang='lat' dir='ltr'> </span> 
     </span>
    </p>
   </div>
   <div class='ocr_carea' id='block_1_12' title="bbox 92 2679 1784 2974">
    <p class='ocr_par' dir='ltr' id='par_1_17' title="bbox 92 2679 1784 2974">
     <span class='ocr_line' id='line_1_36' title="bbox 211 2679 1782 2737; baseline -0.003 -11"><span class='ocrx_word' id='word_1_231' title='bbox 211 2685 297 2726; x_wconf 86' lang='grc'>608</span> <span class='ocrx_word' id='word_1_232' title='bbox 328 2693 458 2736; x_wconf 83' lang='lat' dir='ltr'>vosq.</span> <span class='ocrx_word' id='word_1_233' title='bbox 501 2694 528 2724; x_wconf 95' lang='lat' dir='ltr'>o</span> <span class='ocrx_word' id='word_1_234' title='bbox 569 2679 683 2723; x_wconf 88' lang='lat' dir='ltr'>socii</span> <span class='ocrx_word' id='word_1_235' title='bbox 712 2684 745 2722; x_wconf 87' lang='lat' dir='ltr'>P</span> <span class='ocrx_word' id='word_1_236' title='bbox 776 2693 859 2724; x_wconf 85' lang='lat' dir='ltr'>vos</span> <span class='ocrx_word' id='word_1_237' title='bbox 893 2693 919 2724; x_wconf 96' lang='lat' dir='ltr'>o</span> <span class='ocrx_word' id='word_1_238' title='bbox 953 2679 1069 2724; x_wconf 89' lang='lat' dir='ltr'>socii</span> <span class='ocrx_word' id='word_1_239' title='bbox 1098 2680 1209 2725; x_wconf 68' lang='grc' dir='ltr'><strong><em>Βοὴ.</em></strong></span> <span class='ocrx_word' id='word_1_240' title='bbox 1235 2682 1251 2737; x_wconf 77' lang='grc' dir='ltr'>Ι]</span> <span class='ocrx_word' id='word_1_241' title='bbox 1276 2685 1359 2724; x_wconf 85' lang='grc'>616</span> <span class='ocrx_word' id='word_1_242' title='bbox 1392 2679 1470 2724; x_wconf 84' lang='lat' dir='ltr'>hic</span> <span class='ocrx_word' id='word_1_243' title='bbox 1502 2680 1675 2722; x_wconf 74' lang='lat' dir='ltr'>PBG²r</span> <span class='ocrx_word' id='word_1_244' title='bbox 1706 2679 1782 2723; x_wconf 87' lang='lat' dir='ltr'>hic</span> 
     </span>
     <span class='ocr_line' id='line_1_37' title="bbox 93 2739 1781 2796; baseline 0 -13"><span class='ocrx_word' id='word_1_245' title='bbox 93 2741 144 2796; x_wconf 89' lang='lat' dir='ltr'>(u</span> <span class='ocrx_word' id='word_1_246' title='bbox 173 2740 422 2796; x_wconf 79' lang='lat' dir='ltr'>suprascr.)</span> <span class='ocrx_word' id='word_1_247' title='bbox 458 2744 484 2782; x_wconf 82' lang='lat' dir='ltr'>S</span> <span class='ocrx_word' id='word_1_248' title='bbox 515 2739 606 2782; x_wconf 86' lang='lat' dir='ltr'>huc</span> <span class='ocrx_word' id='word_1_249' title='bbox 637 2754 663 2793; x_wconf 81' lang='lat' dir='ltr'>p</span> <span class='ocrx_word' id='word_1_250' title='bbox 695 2740 793 2785; x_wconf 78' lang='lat' dir='ltr'>edd.</span> <span class='ocrx_word' id='word_1_251' title='bbox 824 2739 948 2783; x_wconf 90' lang='lat' dir='ltr'>hunc</span> <span class='ocrx_word' id='word_1_252' title='bbox 987 2743 1029 2782; x_wconf 83' lang='lat'>11</span> <span class='ocrx_word' id='word_1_253' title='bbox 1066 2740 1155 2783; x_wconf 85' lang='lat' dir='ltr'>hac</span> <span class='ocrx_word' id='word_1_254' title='bbox 1188 2741 1226 2782; x_wconf 79' lang='grc' dir='ltr'><em>δ</em></span> <span class='ocrx_word' id='word_1_255' title='bbox 1256 2739 1365 2782; x_wconf 90' lang='lat' dir='ltr'>hinc</span> <span class='ocrx_word' id='word_1_256' title='bbox 1401 2740 1618 2783; x_wconf 73' lang='lat' dir='ltr'>Menkius</span> <span class='ocrx_word' id='word_1_257' title='bbox 1648 2742 1663 2796; x_wconf 77' lang='lat' dir='ltr'>ss</span> <span class='ocrx_word' id='word_1_258' title='bbox 1696 2744 1781 2784; x_wconf 80' lang='lat'>618</span> 
     </span>
     <span class='ocr_line' id='line_1_38' title="bbox 92 2796 1784 2854; baseline 0 -12"><span class='ocrx_word' id='word_1_259' title='bbox 92 2796 270 2843; x_wconf 78' lang='lat' dir='ltr'>laetum</span> <span class='ocrx_word' id='word_1_260' title='bbox 300 2797 490 2842; x_wconf 80' lang='lat' dir='ltr'>fremitu</span> <span class='ocrx_word' id='word_1_261' title='bbox 521 2811 807 2854; x_wconf 85' lang='lat' dir='ltr'>assensuque</span> <span class='ocrx_word' id='word_1_262' title='bbox 839 2801 1141 2844; x_wconf 72' lang='lat' dir='ltr'>Burmannus</span> <span class='ocrx_word' id='word_1_263' title='bbox 1165 2801 1180 2854; x_wconf 78' lang='grc' dir='ltr'>ΙΙ</span> <span class='ocrx_word' id='word_1_264' title='bbox 1205 2804 1290 2843; x_wconf 74' lang='grc'>620</span> <span class='ocrx_word' id='word_1_265' title='bbox 1322 2800 1659 2854; x_wconf 73' lang='lat' dir='ltr'>Amphiaraum</span> <span class='ocrx_word' id='word_1_266' title='bbox 1690 2800 1784 2842; x_wconf 75' lang='lat' dir='ltr'>iam</span> 
     </span>
     <span class='ocr_line' id='line_1_39' title="bbox 94 2857 1784 2915; baseline -0.001 -12"><span class='ocrx_word' id='word_1_267' title='bbox 94 2857 202 2903; x_wconf 74' lang='lat' dir='ltr'>inde</span> <span class='ocrx_word' id='word_1_268' title='bbox 241 2873 271 2902; x_wconf 85' lang='lat' dir='ltr'>a</span> <span class='ocrx_word' id='word_1_269' title='bbox 307 2859 455 2904; x_wconf 80' lang='lat' dir='ltr'>verbis</span> <span class='ocrx_word' id='word_1_270' title='bbox 494 2858 588 2902; x_wconf 87' lang='lat' dir='ltr'>alio</span> <span class='ocrx_word' id='word_1_271' title='bbox 629 2871 843 2901; x_wconf 87' lang='lat' dir='ltr'>curarum</span> <span class='ocrx_word' id='word_1_272' title='bbox 882 2859 1130 2915; x_wconf 69' lang='lat' dir='ltr'>loquentem</span> <span class='ocrx_word' id='word_1_273' title='bbox 1159 2859 1276 2913; x_wconf 74' lang='lat' dir='ltr'>facit</span> <span class='ocrx_word' id='word_1_274' title='bbox 1306 2858 1634 2902; x_wconf 77' lang='lat' dir='ltr'>La-chmamms</span> <span class='ocrx_word' id='word_1_275' title='bbox 1657 2860 1672 2915; x_wconf 87' lang='grc' dir='ltr'>ΙΙ</span> <span class='ocrx_word' id='word_1_276' title='bbox 1697 2862 1784 2902; x_wconf 73' lang='lat'>624</span> 
     </span>
     <span class='ocr_line' id='line_1_40' title="bbox 97 2914 1295 2974; baseline 0 -13"><span class='ocrx_word' id='word_1_277' title='bbox 97 2914 386 2974; x_wconf 80' lang='lat' dir='ltr'>vetitumque</span> <span class='ocrx_word' id='word_1_278' title='bbox 417 2917 538 2961; x_wconf 86' lang='lat' dir='ltr'>mori</span> <span class='ocrx_word' id='word_1_279' title='bbox 570 2918 821 2962; x_wconf 74' lang='lat' dir='ltr'>Muellerus</span> <span class='ocrx_word' id='word_1_280' title='bbox 851 2916 955 2974; x_wconf 88' lang='lat' dir='ltr'>rapi</span> <span class='ocrx_word' id='word_1_281' title='bbox 985 2919 1295 2963; x_wconf 73' lang='lat' dir='ltr'>Baehrensius</span> 
     </span>
    </p>
   </div>
  </div>
 </body>
</html>
