1976 3126
145 167 254 221 310
720 165 772 210 P.
803 162 1035 208 PAPINII
1066 161 1261 207 STATlI

146 287 262 341 Nec
299 289 355 339 te
393 304 531 339 vana
570 286 700 338 fides
741 286 940 338 iterum
979 283 1233 337 Cadmeia
1273 282 1528 351 adeptum
1749 295 1835 337 215

148 360 395 414 Conubia
434 362 488 412 et
526 359 717 428 Tyrios
758 358 984 411 nimium
1021 357 1290 426 inrupisse
1316 354 1575 425 penates:

148 435 410 503 Tandem,
447 434 691 502 inquam,
716 450 943 486 >soceros
984 431 1284 500 dilectaque
1325 431 1538 484 moenia
1579 433 1768 502 gratus

148 508 397 577 Respicis
437 511 776 577 assertorque
816 511 996 574 tonas;
1035 524 1132 558 ceu
1169 505 1325 574 regia
1364 505 1500 559 caeli

144 581 490 650 Attemptata
528 582 631 649 tui,
672 582 749 634 sic
788 584 842 633 te
882 599 982 650 pro
1022 580 1262 633 turribus
1305 578 1433 632 altis

145 657 396 710 Vidimus
436 659 719 725 urgentem
757 655 950 723 nubes,
991 653 1226 723 laetique
1266 652 1561 723 benignum
1749 668 1837 708 220

145 729 374 783 Fulmen
413 732 468 782 et
506 730 719 782 auditos
758 730 975 799 proavis
1015 728 1335 799 agnovimus
1375 727 1546 796 ignes,

145 804 347 873 Accipe
386 822 528 856 nunc
566 804 794 872 pecudes
836 806 892 856 et
930 802 1115 874 magni
1154 803 1289 855 turis
1330 819 1548 855 acervos

145 878 512 947 Votivumque
551 896 776 946 marem3
816 878 1008 948 dignas
1050 876 1144 930 sed
1181 875 1412 944 pendere
1451 879 1635 946 grates

144 951 297 1005 Haut
335 952 564 1005 mortale
605 970 739 1020 opus
780 955 882 1022 est3
923 954 1131 1005 certent
1169 949 1271 1004 tibi
1307 949 1529 1004 reddere
1560 949 1803 1005 Bacchus

145 1024 346 1079 Noster
384 1029 438 1079 et
476 1025 714 1095 Alcides,
753 1026 863 1079 illis
902 1025 1036 1080 haec
1076 1024 1290 1079 moenia
1330 1023 1548 1077 servas?
1751 1038 1837 1079 225

144 1100 391 1154 Dixerat:
431 1104 518 1153 ast
555 1100 637 1152 illi
674 1100 831 1169 niger
868 1100 1010 1170 ignis
1049 1100 1107 1153 in
1146 1117 1240 1152 ora
1279 1115 1550 1169 genasque

144 1172 407 1226 Prosiluit
444 1177 766 1243 raptumque
807 1175 975 1227 comis
1018 1174 1265 1227 diadema
1304 1173 1580 1226 cremavit.

146 1247 299 1300 Tunc
335 1248 483 1301 ferus
524 1251 648 1300 ante
688 1249 858 1301 ictum
900 1247 1106 1317 spumis
1147 1246 1371 1299 delubra
1411 1250 1662 1301 cruentat

149 1320 360 1374 Taurus
403 1325 457 1375 et
497 1322 814 1375 obstantum
854 1323 1046 1376 mediis
1088 1341 1116 1374 e
1157 1321 1399 1374 coetibus
1441 1322 1550 1374 exit

139 1394 415 1448 'Turbidus
455 1396 751 1465 insanoque
791 1396 969 1451 ferens
1010 1396 1207 1449 altaria
1247 1413 1428 1448 cornu·
1751 1409 1838 1450 230

142 1469 452 1538 Diffugiunt
490 1470 703 1534 famuli,
743 1473 798 1523 et
837 1488 1021 1540 regem
1060 1470 1270 1523 solatur
1307 1469 1592 1539 haruspex.

141 1542 265 1611 Ipse
305 1543 598 1597 instaurari
637 1563 850 1598 sacrum
890 1545 1033 1598 male
1073 1543 1234 1598 fortis
1277 1543 1470 1613 agique

141 1616 402 1686 Imperat,
443 1622 497 1670 et
536 1635 761 1688 magnos
800 1619 928 1672 ficto
969 1619 1166 1688 premit
1203 1636 1295 1671 ore
1333 1617 1570 1670 timores,

142 1690 333 1753 Qualis
372 1691 466 1744 ubi
502 1692 827 1759 implicitum
867 1693 1184 1761 Tirynthius
1225 1691 1439 1744 ossibus
1478 1690 1661 1759 ignem

140 1762 322 1818 Sensit
361 1768 414 1816 et
453 1763 681 1818 Oetaeas
723 1767 978 1819 membris
1021 1766 1268 1819 accedere
1308 1768 1508 1832 vesteS,
1739 1778 1826 1819 235

140 1836 288 1891 Vota
326 1838 541 1907 incepta
579 1844 764 1892 tamen
802 1840 1079 1911 libataque
1119 1844 1244 1892 tura
1282 1839 1494 1891 ferebat

139 1911 320 1966 Durus
362 1912 536 1966 adhuc
574 1914 894 1983 patiensque
933 1914 1088 1983 mali3
1129 1932 1256 1967 mox
1294 1913 1496 1983 grande
1535 1916 1754 1967 coactus

141 1984 436 2055 Ingemuit,
476 1987 755 2056 victorque
793 1987 929 2041 furit
965 2007 1062 2057 per
1099 1988 1306 2042 viscera
1345 1985 1564 2040 Nessus

218 2058 455 2113 Nuntius
496 2063 733 2114 exanimi
775 2081 1068 2132 suspensus
1108 2065 1329 2131 pectora
1368 2079 1525 2114 cursu

143 2134 388 2201 Aepytus
429 2135 498 2187 ad
535 2152 717 2205 regem
756 2140 948 2206 portae
989 2137 1224 2190 statione
1264 2135 1456 2189 relicta
1748 2149 1835 2189 240

145 2206 342 2260 Tendit
383 2212 437 2262 et
475 2209 608 2263 haec
646 2210 859 2279 trepido
899 2211 989 2264 vix
1027 2211 1335 2264 intellectus
1375 2210 1619 2264 anhelat:

145 2279 379 2349 ‘Rumpe
419 2283 540 2351 pios
581 2284 757 2337 cultus
796 2284 1304 2354 intempestivaque,
1342 2287 1543 2350 rector,

145 2352 308 2408 Sacra
346 2356 531 2409 deum:
570 2358 741 2411 frater
780 2359 947 2411 muris
988 2359 1189 2412 circum
1229 2358 1479 2411 omnibus
1517 2358 1687 2411 instat

148 2427 545 2498 Portarumque
584 2451 764 2484 moras
803 2432 970 2485 frenis
1011 2433 1248 2486 adsultat
1289 2435 1343 2484 et
1379 2432 1551 2484 hastis

262 2607 349 2648 215
382 2603 655 2661 ademptum
685 2610 830 2659 PpcG
862 2604 1119 2664 adessptum
1147 2611 1181 2650 Β
1205 2608 1221 2663 [Ι
1245 2612 1330 2651 217
1368 2606 1576 2650 Tandem
1612 2619 1834 2661 umquam

144 2665 178 2703 P
212 2664 218 2716 1
254 2662 527 2719 deiectaque
558 2669 591 2706 P
623 2664 851 2720 delectaq.
883 2669 917 2707 B
941 2669 956 2721 ΙΙ
979 2671 1067 2710 220
1098 2667 1378 2722 urguentem
1406 2670 1440 2708 P
1462 2666 1478 2722 ΙΙ
1503 2669 1587 2709 221
1621 2663 1833 2722 agnosci-

141 2778 244 2808 mus
277 2770 309 2808 P
332 2768 348 2823 ss
371 2771 459 2810 224
497 2725 679 2812 ceri-²:222
709 2773 741 2811 P
764 2770 780 2825 ss
804 2772 889 2813 225
927 2753 1029 2822 illi}
1061 2774 1093 2812 P
1118 2771 1127 2824 Ι
1155 2782 1314 2814 servas
1337 2773 1370 2811 P
1396 2781 1531 2812 serva
1553 2768 1686 2812 ceteri
1706 2769 1722 2823 u
1745 2771 1831 2811 226

143 2822 239 2867 illis
279 2829 311 2867 P
350 2828 365 2883 ΙΙ
403 2831 490 2870 230
530 2826 788 2883 insanoque
819 2828 973 2872 ferens
1003 2832 1079 2872 PB
1111 2830 1238 2873 Dan.
1273 2828 1430 2873 Petav.
1462 2826 1628 2870 insano
1660 2826 1830 2870 feriens

150 2882 298 2926 G2'SM
319 2886 334 2939 ΙΙ
358 2890 446 2929 235
478 2885 632 2930 Sentit
662 2892 695 2930 P
723 2892 727 2941 1
756 2887 1010 2932 accendere
1041 2892 1073 2930 P
1102 2890 1107 2944 Ι
1134 2888 1292 2944 pestes
1323 2887 1631 2931 Baehrensius
