1988 3106
174 165 277 218 144
770 167 818 210 P.
851 166 1081 210 PAPINII
1113 166 1312 212 STATII

168 279 289 354 lpse
328 286 547 339 madens
588 287 767 351 oculis,
807 286 1118 339 umbrarum
1157 286 1470 355 animaeque
1509 288 1768 358 sacerdffl,

169 358 540 428 Praeciperem
577 360 824 428 reditum,
863 359 948 412 cui
986 363 1039 412 te
1077 378 1176 412 nec
1213 357 1473 412 Cerberus
1513 362 1661 414 omni

171 432 274 486 Ore
314 451 412 485 nec
452 432 698 501 Orpheae
738 434 954 501 quirent
992 436 1232 486 auertere
1270 433 1430 503 leges,

168 505 348 575 Atque
387 506 463 558 ibi
500 523 579 559 me
616 523 896 575 moresque
934 509 1055 559 tuos
1094 509 1148 558 et
1182 506 1329 559 facta
1367 510 1645 560 canentem

169 578 301 633 Fors
341 583 394 632 et
432 580 776 649 magniloquo
814 598 926 632 non
963 580 1365 647 posthabuisset
1400 579 1652 650 Homer0‚

169 652 434 704 Tenderet
471 656 525 704 et
564 653 719 706 docto
757 653 932 721 pietas
973 670 1198 721 aequare
1235 652 1460 706 Maroni.

171 724 277 778 Cur
315 726 488 795 magis
528 727 763 779 incessat
801 743 1022 795 superos
1061 729 1115 778 et
1153 727 1328 780 ahena
1365 745 1609 780 sororum

171 797 431 866 Stamina,
469 817 603 867 quae
640 799 822 867 tepido
862 800 1105 868 genetrix
1145 817 1305 868 super
1343 817 1538 869 aggere
1577 803 1692 854 nati

124 924 127 926 .
170 871 314 924 Orba
353 873 501 924 sedet
538 873 625 924 uel
665 891 799 941 quae
831 873 1091 941 primaeui
1124 874 1367 942 coniugis
1398 874 1578 942 ignem

169 945 382 1014 Aspicit
420 946 802 1015 obstantesque
841 965 1031 999 manus
1069 947 1388 1016 turbamque
1424 951 1696 1000 tenentem

168 1014 352 1071 Uincit
390 1019 448 1071 in
487 1020 784 1087 ardentem,
824 1020 984 1072 liceat
1020 1020 1202 1088 modo,
1239 1021 1383 1072 itura
1421 1021 1712 1074 maritum?

169 1090 346 1145 Maior
385 1095 441 1145 at
477 1092 562 1145 his
602 1093 786 1145 forsan
826 1111 1045 1161 superos
1086 1096 1140 1146 et
1177 1093 1404 1146 Tartara
1439 1095 1647 1162 pulsem

168 1164 403 1218 Inuidia:
444 1167 675 1218 externis
715 1167 876 1218 etiam
914 1167 1218 1218 miserabile
1255 1167 1376 1219 uisu

169 1237 351 1291 Funus
391 1242 520 1291 erat.
598 1239 690 1291 sed
727 1257 825 1292 nec
861 1239 994 1292 mihi
1034 1257 1089 1292 se
1127 1238 1339 1292 Natura
1377 1239 1581 1292 dolenti

169 1311 282 1364 Nec
306 1312 486 1364 Pietas
524 1313 582 1364 in
620 1313 762 1365 iusta
801 1313 967 1381 dedit3
1008 1313 1143 1364 mihi
1180 1313 1368 1365 limine
1405 1314 1579 1382 primo

169 1385 426 1438 Fatorum
466 1389 519 1437 et
556 1386 733 1454 uiridi,
771 1387 998 1456 genitor,
1038 1404 1134 1439 ceu
1171 1388 1357 1455 raptus
1398 1387 1466 1439 ab
1506 1405 1637 1441 aeuo

169 1458 396 1511 Tartara
436 1459 568 1511 dura
607 1460 769 1513 subis.
843 1477 941 1511 nec
980 1460 1123 1511 enim
1161 1459 1507 1512 Marathonia
1545 1461 1699 1531 uirgo

169 1531 389 1584 Parcius
430 1533 722 1584 extinctum
762 1551 1046 1585 saeuorum
1087 1533 1307 1585 crimine
1339 1536 1610 1602 agrestum

169 1604 403 1658 Fleuerit
438 1604 684 1673 Icarium,
721 1605 961 1675 Phrygia
999 1623 1158 1674 quam
1195 1609 1342 1658 turre
1381 1606 1660 1660 cadentem

169 1679 506 1747 Astyanacta
542 1696 749 1747 parens,
824 1680 1012 1746 laqueo
1053 1679 1182 1747 quin
1219 1679 1314 1732 illa
1353 1697 1600 1747 supremo

169 1748 397 1804 Inclusit
435 1752 689 1820 gemitus:
729 1756 787 1804 at
823 1755 878 1803 te
915 1754 1042 1820 post
1078 1754 1269 1805 funera
1306 1754 1491 1822 magni

169 1825 416 1893 Hectoris
454 1824 755 1878 Haemonio
795 1826 968 1893 pudor
1005 1828 1086 1877 est
1125 1826 1351 1878 seruisse
1389 1827 1600 1880 marito,

168 1897 295 1951 Non
334 1916 448 1967 eg0,
489 1916 620 1967 quas
659 1899 758 1950 fati
797 1901 972 1950 certus
1012 1898 1114 1951 sibi
1152 1916 1283 1951 uoce
1323 1917 1521 1952 canora

69 1961 89 1980 ⁸
168 1971 394 2025 Inferias
433 1972 732 2039 praemittit
770 1971 886 2025 olor
922 1989 1021 2024 nec
1058 1990 1189 2041 rupe
1228 1972 1370 2040 quod
1409 1976 1527 2026 atra

169 2043 480 2116 Tyrrhenae
520 2045 764 2097 uolucres
802 2045 981 2098 nautis
1020 2045 1302 2114 praedulce
1339 2047 1626 2114 minantur,

168 2117 235 2170 In
272 2118 479 2187 patrios
520 2118 784 2172 adhibebo
824 2135 1006 2187 rogos3
1043 2136 1155 2171 non
1192 2137 1460 2172 murmure
1498 2123 1687 2173 trunco

287 2397 343 2437 58
383 2393 538 2437 oculos
581 2394 752 2437 Markl.
793 2395 809 2450 ΙΙ
847 2398 902 2437 59
935 2393 1254 2450 Praeciperem
1284 2393 1483 2438 reditum
1514 2396 1653 2439 idem:
1690 2395 1928 2441 Praecine-
1978 2434 1985 2442 ,

168 2465 266 2495 rem
305 2451 531 2508 gemitum
571 2455 599 2493 c
640 2467 668 2494 a
697 2453 712 2508 fl
743 2457 796 2496 61
830 2453 983 2508 Atque
1013 2452 1080 2495 ibi
1111 2466 1185 2496 me
1216 2451 1459 2508 Heinsius,
1500 2466 1577 2509 eyo
1611 2454 1639 2498 l.
1673 2455 1700 2498 l.
1730 2469 1776 2510 p.
1809 2459 1929 2500 262.-

168 2510 322 2566 Atque
361 2509 450 2553 tibi
489 2514 517 2550 G
559 2525 586 2552 a
630 2510 645 2568 Η
691 2515 744 2554 63
786 2510 922 2554 docto
963 2510 1160 2554 Markl.:
1198 2511 1330 2554 toruo
1371 2515 1400 2552 c
1431 2526 1479 2565 ας
1517 2513 1622 2566 fort.
1660 2515 1781 2556 terso
1819 2515 1835 2569 ΙΙ
1874 2519 1929 2558 64
1982 2552 1988 2554 .

167 2568 352 2612 habena
382 2572 439 2611 A:
480 2572 508 2609 c
539 2583 650 2612 num
680 2582 798 2613 aena
829 2583 892 2612 an
922 2582 1033 2612 seua
1054 2569 1265 2612 habuerit
1286 2570 1507 2613 incertum
1529 2572 1544 2625 ΙΙ
1568 2575 1623 2615 68
1648 2571 1783 2615 modo
1807 2571 1930 2616 itura
1971 2614 1979 2623 ὃ

1816 511 1822 523 x
1875 446 1959 490 60³2

1876 799 1953 857 65*

1878 1154 1973 1254 ‘103¹

169 2625 451 2670 Seriueoius:
486 2628 712 2671 moritura
728 2631 756 2668 G
781 2642 809 2669 a
839 2627 1014 2671 ruitura
1030 2627 1253 2671 Heinsius
1274 2629 1290 2683 ΙΙ
1313 2632 1368 2671 69
1402 2630 1453 2672 at
1481 2628 1553 2672 his
1582 2629 1737 2673 forsan
1767 2631 1930 2686 scripsi

169 2685 198 2728 l.
232 2686 284 2728 ῖ..·
321 2684 425 2729 aliis
455 2684 609 2729 forsan
639 2690 677 2728 A
709 2690 736 2727 c
777 2688 900 2730 certe
938 2685 1043 2729 aliis
1075 2686 1208 2730 Dom.
1232 2688 1248 2742 ΙΙ
1273 2691 1326 2730 71
1360 2689 1529 2731 eratss':
1562 2690 1639 2731 eat
1668 2692 1697 2729 c
1729 2703 1756 2730 a
1782 2688 1788 2744 Ι
1815 2689 1928 2733 mihi
1965 2680 1988 2722 ²-

171 2743 461 2788 Politianus:
499 2745 636 2788 modo
669 2749 697 2786 G
729 2759 756 2786 a
778 2746 793 2800 ΙΙ
818 2749 872 2788 72
903 2743 1075 2788 iniusta
1107 2748 1135 2785 c
1167 2760 1208 2799 a,
1243 2758 1356 2788 corr.
1391 2745 1686 2789 Booehornius
1708 2748 1724 2802 ΙΙ
1749 2751 1802 2791 73
1835 2748 1927 2791 An·
1968 2754 1988 2778 ἢ·

169 2815 333 2845 norum
366 2803 540 2846 Markl.
572 2805 588 2858 ΙΙ
619 2808 674 2846 76
715 2803 826 2847 dure
864 2816 940 2846 seu
979 2802 1081 2846 dira
1111 2802 1333 2847 Heinsius
1359 2804 1366 2859 Ι
1395 2809 1450 2848 77
1482 2817 1694 2860 supremo
1724 2809 1753 2846 c
1776 2820 1824 2848 a:
1857 2820 1923 2849 su·
1968 2806 1988 2834 Ἀ

168 2874 351 2916 premos
383 2862 478 2905 edd.
504 2863 519 2917 ΙΙ
544 2865 597 2905 78
631 2866 679 2905 at
710 2865 747 2903 A
779 2866 827 2904 c:
860 2862 908 2905 et
940 2865 968 2904 ς
992 2863 1087 2917 1180
1118 2875 1231 2906 uoce
1263 2862 1384 2906 edd:
1414 2864 1562 2907 morte
1594 2867 1622 2904 c
1655 2877 1682 2905 a
