1988 3106
152 180 257 232 112
757 176 807 222 P.
838 175 1067 220 PAPINII
1097 174 1298 220 sTATn

413 295 548 351 Cum
583 299 645 349 tu
684 293 881 348 sodalis
921 293 1071 346 dulce
1106 293 1400 363 periculum
1858 313 1912 353 25
1960 291 1961 294 ¹

412 370 640 425 Conisus
681 367 829 420 omni
865 369 1080 435 pectore
1117 368 1349 438 toHereS,

499 443 576 496 Ut
614 440 806 495 Castor
845 440 912 492 ad
950 442 1169 493 cunctos
1206 442 1472 495 tremebat

586 513 877 583 Bebryciae
916 513 1146 582 crepitus
1183 514 1438 569 habenae.

411 676 555 731 Tene
592 676 650 728 in
686 674 908 727 remotis
948 672 1198 742 Syrtibus
1237 675 1358 728 auia

410 749 595 818 Leptis
634 747 876 801 creauit?>
939 748 1047 799 iam
1085 747 1222 801 feret
1257 748 1471 803 Indicas
1859 767 1915 807 30

498 822 702 875 Messes
742 821 1081 889 odoratisque
1119 839 1243 873 rara

589 893 852 948 Cinnama
888 894 1176 963 praeripiet
1213 893 1446 950 Sabaeis.

414 1057 545 1120 Quis
582 1074 692 1109 non
729 1056 788 1108 in
826 1055 974 1108 omni
1010 1055 1209 1108 uertice
1246 1055 1463 1110 Romuli

414 1130 676 1199 Reptasse
716 1129 923 1181 dulcem
964 1126 1285 1197 Septimium
1323 1133 1513 1198 putet?

506 1203 635 1266 Quis
674 1203 824 1254 fonte
863 1201 1119 1254 Iuturnae
1156 1201 1360 1255 relictis
1863 1221 1917 1261 35

591 1275 859 1330 Uberibus
898 1278 1060 1344 neget
1097 1292 1211 1328 esse
1249 1276 1500 1344 pastum?

415 1437 528 1491 Nec
566 1437 704 1488 mira
741 1437 936 1489 uirtus:
974 1437 1220 1504 protinus
1258 1436 1538 1491 Ausonum

415 1511 614 1564 Portus
652 1509 886 1561 uadosae
923 1509 1135 1562 nescius
1174 1509 1391 1563 Africae

503 1583 683 1636 Intras
724 1582 1114 1651 adoptatusque
1154 1582 1341 1636 Tuscis

593 1654 906 1724 Gurgitibus
945 1674 1077 1724 puer
1113 1655 1387 1710 innatasti.
1554 1688 1558 1694 ·
1863 1676 1918 1717 40

417 1801 559 1855 Hinc
596 1822 794 1872 paruus
834 1803 978 1854 inter
1014 1802 1243 1871 pignora
1280 1803 1456 1856 curiae

419 1874 714 1929 Contentus
753 1881 898 1929 artae
933 1875 1132 1927 lumine
1170 1894 1435 1944 purpurae

508 1947 730 2018 CresciS,
769 1949 861 2002 sed
898 1950 1185 2001 immensos
1223 1950 1434 2002 labores

595 2022 784 2076 Indole
822 2022 1050 2091 patricia
1087 2025 1313 2075 secutus.

418 2168 545 2222 Non
584 2187 757 2222 sermo
796 2169 1024 2237 PoenUS,
1063 2187 1175 2222 non
1211 2168 1430 2222 habitus
1466 2170 1584 2240 tibi,
1863 2187 1918 2227 45

420 2241 656 2294 Externa
693 2260 805 2295 non
843 2260 1016 2294 mens:
1054 2241 1235 2310 Italus,
1272 2241 1458 2296 Italus,

510 2314 646 2368 Sunt
683 2316 814 2367 urbe
852 2315 1214 2384 Romanisque
1251 2316 1457 2381 turmis,

599 2388 701 2450 Qui
739 2387 967 2456 Libyam
1007 2389 1227 2440 deceant
1266 2388 1482 2443 alumni.

276 2625 333 2664 26
363 2619 559 2676 pelleres
589 2619 813 2663 Heinsius
835 2620 850 2674 11
875 2622 929 2661 28
963 2618 1183 2674 strepitus
1215 2619 1453 2675 (marenae
1485 2625 1513 2663 c
1538 2637 1578 2672 a,
1610 2635 1724 2667 corr.
1757 2622 1919 2668 Schra-

1957 2446 1961 2454 -
1948 2294 1969 2398 -ψ-’ξι-νῖπ
1952 2270 1961 2283 ¹1
1956 2239 1961 2241 v

1970 2183 1984 2351 'pamm-q
1966 2155 1979 2170 να
1966 2085 1981 2138 ,Αἱ

157 2680 290 2724 derus
312 2680 327 2734 ΙΙ
352 2684 407 2723 38
440 2677 625 2723 dolosae
657 2678 830 2722 Markl.
859 2678 865 2733 1
893 2676 1071 2721 nescius
1094 2677 1352 2722 Auantius:
1382 2679 1558 2724 nesciet
1582 2684 1610 2722 G
1635 2696 1662 2723 a
1683 2683 1700 2736 ΙΙ
1721 2685 1777 2725 41
1802 2682 1920 2727 Hinc
1952 2692 1973 2726 ²5-

159 2741 188 2781 ς
221 2752 268 2780 a:
300 2737 385 2781 Hic
418 2741 446 2778 c
475 2738 480 2793 Ι
508 2739 636 2781 artae
666 2737 991 2780 Burmannus:
1021 2748 1103 2779 om.
1135 2735 1198 2778 A*
1223 2741 1250 2777 G
1282 2738 1382 2781 arto
1410 2737 1646 2783 Turnebus
1668 2740 1684 2795 ss
1706 2744 1762 2784 47
1785 2741 1920 2786 turbe

155 2800 405 2911 ξῄαραἳιένν.
440 2798 469 2840 ς
507 2797 523 2852 ΙΙ
561 2799 616 2840 48
649 2795 842 2840 deceant
874 2799 921 2838 σε
963 2794 1158 2839 doceant
1189 2799 1218 2838 ς
1251 2810 1278 2837 a
1315 2796 1534 2841 decorant
1565 2798 1763 2855 Μανῆ,
1793 2804 1919 2856 reete,
