1976 3094
644 163 987 211 THEBAIDOS
1018 165 1127 210 LIB.
1160 165 1237 211 IV.
1699 166 1805 220 103

27 358 28 361 Ἴ
115 288 384 362 Expectat
420 289 642 343 firmans
684 288 924 342 animum
963 290 1017 341 et
1057 287 1308 341 sudantia
1346 287 1469 342 nisu

114 363 248 418 Tela
277 381 548 435 premens3
588 361 740 433 gelat
772 380 867 415 ora
902 379 1073 432 pavor
1105 378 1427 433 gressusque
1459 365 1807 431 tremescunt,

25 487 27 496 ,
116 436 248 502 Quis
286 437 469 492 veniat
507 439 867 508 quantusque,
907 436 998 489 sed
1039 435 1260 490 horrida
1300 436 1455 508 signa
1492 436 1774 491 frementis

115 512 331 584 Accipit
368 515 423 566 et
460 529 617 566 caeca
653 510 876 564 metitur
915 529 1192 565 murmura
1232 530 1374 565 cura.

26 640 36 652 „
188 585 371 657 Atque
394 585 482 640 hic
498 585 731 639 Tiresias
755 584 994 639 nondum
1021 584 1439 639 adventantibus
1463 585 1695 640 umbris:
1721 599 1806 640 500

115 659 367 714 ‘Testor'
407 660 508 730 ait,
548 658 754 729 ‘Diras,
795 658 988 729 quibus
1028 658 1171 712 hunc
1213 660 1575 714 saturavimus
1624 659 1807 732 ignem

25 732 26 735 ’
117 733 399 805 Laevaque
439 734 730 789 convulsae
771 733 1012 787 dedimus
1054 734 1329 787 carchesia
1369 739 1568 803 terrae,

115 807 232 862 Iam
270 826 478 880 nequeo
518 809 754 863 tolerare
793 826 1015 862 moram.
1094 806 1362 862 Cassusne
1402 809 1649 863 sacerdos

118 882 362 936 Audior?
403 902 493 953 an,
532 882 720 937 rabido
761 882 947 935 iubeat
986 882 1032 935 si
1071 882 1335 937 Thessala
1374 886 1559 951 cantu,

115 955 315 1011 Ibitis?
355 960 409 1010 et
449 955 719 1027 Scythicis
760 956 1010 1027 quotiens
1050 957 1315 1011 medicata
1354 957 1576 1011 venenis
1722 971 1808 1012 505

116 1029 336 1085 Colchis
378 1034 530 1102 aget,
567 1030 779 1101 trepido
817 1031 1102 1101 pallebunt
1141 1030 1371 1085 Tartara
1409 1031 1599 1086 motu‘?

117 1103 308 1159 Nostri
347 1123 474 1159 cura
511 1105 716 1175 minor,
758 1105 803 1158 si
841 1123 951 1158 non
991 1106 1239 1158 attollere
1278 1106 1454 1160 bustis

118 1177 360 1249 Corpora
397 1198 495 1234 nec
534 1180 723 1249 plenas
765 1178 1002 1249 antiquis
1043 1179 1255 1233 ossibus
1296 1198 1459 1234 urnas

115 1251 354 1324 Egerere
393 1257 450 1308 et
475 1253 688 1312 ,mixtos
728 1253 967 1323 caelique
1006 1253 1276 1324 Erebique
1317 1254 1416 1308 sub
1456 1272 1623 1307 unum

116 1325 417 1382 Funestare
457 1327 583 1382 deos
623 1327 759 1381 libet
798 1331 894 1380 aut
933 1328 1201 1398 exanguia
1239 1328 1384 1382 ferro
1723 1342 1809 1382 510

121 1400 232 1455 Ora
272 1402 425 1472 sequi
464 1405 625 1471 atque
667 1418 860 1471 aegras
899 1402 1211 1455 functorum
1251 1421 1471 1472 carpere
1509 1402 1714 1456 fibras?

118 1474 204 1530 Ne
242 1479 433 1530 tenues
474 1494 643 1530 annos
683 1476 989 1546 nubemque
1028 1476 1168 1530 hanc
1207 1477 1402 1531 frontis
1444 1495 1646 1547 opacae

55 1603 58 1606 ,
121 1547 392 1620 spernite,
429 1569 519 1621 ne,
559 1568 776 1619 moneo3
817 1553 871 1603 et
909 1550 1067 1603 nobis
1109 1551 1315 1605 saevire
1355 1551 1601 1606 facultas,

119 1621 384 1678 Novimus
426 1628 480 1679 et
518 1624 773 1695 quidquid
813 1623 919 1678 dici
956 1625 1214 1694 noscique
1254 1625 1483 1695 timetiS,

119 1696 195 1751 Et
230 1699 451 1752 turbare
490 1698 755 1764 Hecaten,
793 1698 850 1751 ni
889 1702 967 1767 te,
1006 1698 1368 1769 Thymbraee,
1408 1718 1620 1753 vererer
1725 1714 1811 1754 515

119 1769 196 1824 Εἰς
232 1772 462 1843 triplicis
502 1773 689 1827 mundi
729 1791 1019 1841 summum,
1059 1791 1219 1843 quem
1259 1775 1395 1828 scire
1434 1773 1722 1828 nefastum.

121 1844 286 1898 Illum
328 1876 392 1885 —
437 1847 530 1900 sed
566 1850 744 1901 taceo:
783 1847 1036 1916 prohibet
1074 1848 1374 1919 tranquilla
1414 1852 1677 1902 senectus,

23 1953 25 1959 ι
122 1917 344 1989 Iamque
383 1936 482 1990 ego
521 1938 617 1974 vos
662 1920 748 1959 —'
789 1921 962 1974 Avide
1003 1922 1201 1976 subicit
1241 1923 1514 1977 Phoebeia
1552 1922 1762 1977 Manto:

125 1990 391 2064 ‘Audiris,
429 1994 665 2064 genitor,
703 1995 1004 2065 vulgusque
1045 2014 1289 2068 exangue
1328 1997 1670 2067 propinquat.

124 2066 389 2120 Panditur
425 2067 674 2137 Elysium
714 2067 876 2122 chaos
885 2110 900 2137 ,
940 2072 994 2121 et
1032 2070 1245 2123 telluris
1287 2076 1505 2140 opertae
1726 2085 1813 2126 520

125 2139 345 2195 Dissilit
381 2142 575 2196 umbra
615 2161 808 2212 capax,
849 2142 1123 2213 silvaeque
1164 2147 1218 2197 et
1255 2145 1414 2214 nigra
1451 2148 1740 2214 patescunt

243 2321 345 2363 514.
382 2317 573 2362 ‘scimus
597 2317 861 2362 —timetis'
899 2318 1069 2363 schol.
1103 2318 1301 2364 Lucan.
1336 2318 1400 2363 VI
1434 2324 1517 2364 732
1550 2335 1594 2377 p.
1628 2325 1715 2366 496
1739 2320 1818 2370 W.

243 2485 331 2526 496
380 2479 630 2524 suadentia
674 2484 707 2523 P
730 2482 746 2538 ΙΙ
769 2485 853 2525 501
903 2480 1041 2526 diuae
1072 2484 1202 2524 PBH
1249 2481 1380 2526 dirae
1418 2482 1531 2528 Βοὴ.
1580 2486 1712 2539 (corr.
1760 2498 1816 2528 ex

130 2537 285 2597 diuae)
320 2538 420 2583 diui
443 2540 511 2584 vel
542 2539 676 2583 diuos
701 2544 794 2583 Hm
816 2539 954 2584 Diras
978 2555 1092 2586 corr.
1119 2542 1343 2586 Heinsius
1368 2540 1501 2586 divas
1529 2543 1787 2588 Muellerus
1807 2544 1812 2601 Ι

127 2598 444 2644 saturabimus
475 2603 508 2640 P
531 2601 546 2655 ΙΙ
570 2603 655 2643 502
688 2598 923 2656 Plenaque
957 2600 1182 2645 convulsa
1206 2601 1247 2645 d.
1276 2614 1313 2644 c.
1338 2602 1466 2644 terra
1492 2602 1817 2660 Peyraredusss

127 2659 220 2703 505Υ
243 2657 480 2703 medicata
510 2662 588 2701 PG
620 2660 800 2702 armata
828 2658 1022 2716 30:²11}
1045 2665 1131 2705 506
1165 2660 1266 2716 agit
1296 2664 1379 2702 ΡΗ
1401 2663 1526 2717 η’509
1560 2660 1682 2704 caeli
1707 2663 1815 2718 (que

126 2719 228 2774 om.)
258 2722 292 2760 P
321 2718 338 2774 ΙΙ
369 2721 455 2762 510
494 2716 751 2775 exsanguia
787 2718 910 2763 ferro
943 2719 983 2777 J·
1015 2724 1048 2761 P
1082 2718 1123 2777 s·
1154 2732 1312 2763 morsu
1342 2724 1375 2762 P
1406 2734 1547 2777 mary.
1583 2719 1818 2777 exanguia

125 2788 286 2821 morsu
315 2781 350 2820 G
372 2778 389 2834 ΙΙ
412 2781 499 2821 514
529 2776 756 2822 Novimus
788 2781 864 2821 PG
896 2777 1076 2822 Scimus
1109 2777 1236 2822 enim
1268 2780 1400 2823 ceteri
1421 2780 1437 2834 ll
1462 2784 1547 2823 515
1574 2780 1817 2837 turparem

127 2833 435 2882 Baelvrenms
465 2838 482 2892 ΙΙ
514 2841 599 2881 517
638 2838 821 2894 siynum
858 2833 1229 2894 α’ποσιωπήσεως
1258 2839 1418 2894 posuit
1458 2839 1680 2884 Menkius
1717 2840 1815 2885 coll.

128 2891 244 2940 Aah.
281 2895 319 2939 I
352 2898 441 2941 158
462 2896 477 2952 ΙΙ
503 2900 587 2940 519
621 2909 855 2953 exsangue
885 2901 950 2940 Pr
972 2899 988 2953 ΙΙ
1012 2901 1096 2942 521
1131 2897 1272 2941 umbo
1308 2898 1623 2944 Marklandus
