1976 3126
731 164 1075 212 THEBAIDOS
1106 164 1217 210 LIB.
1243 165 1329 212 -XL
1766 166 1876 220 309

189 286 448 358 Spectent
486 290 542 340 et
578 287 720 342 votis
759 286 1020 341 victorem
1058 287 1320 341 Eteoclea
1356 290 1597 358 poscant.

190 361 413 432 Iamque
451 360 596 430 vale,
637 361 890 431 coniunx,
929 361 1217 431 dulcesque
1255 361 1431 416 valete
1470 360 1755 431 Mycenae!

186 435 264 489 At
301 437 385 504 tu,
423 452 547 488 care
587 453 738 489 socer
779 434 900 504 (nec
939 435 1082 488 enim
1123 436 1301 489 omnis
1342 436 1499 505 culpa
1537 435 1804 488 malorum

185 507 273 564 Me
311 526 501 579 penes,
541 512 597 563 et
635 510 818 579 superi
858 527 1067 563 mecum
1106 508 1413 580 Parcaeque
1450 509 1754 579 nocentes),

189 581 274 638 Sis
313 583 452 637 lenis
492 582 680 653 cineri,
718 602 908 654 meque
948 583 1082 637 haec
1119 587 1247 652 post
1285 583 1493 653 proelia
1531 587 1750 653 raptum
1795 596 1880 637 190

187 656 430 711 Alitibus
470 656 734 727 fratrique
772 661 930 729 tegas
969 676 1269 728 urnamque
1308 660 1568 728 reportes,

189 729 311 785 Hoc
348 733 587 800 tantum,
626 736 682 786 et
718 735 880 786 natae
919 732 1114 785 melius
1155 731 1387 786 conubia
1425 730 1656 801 iungas?

264 804 430 859 Ibant
469 805 525 859 in
564 805 842 875 lacrimas,
880 806 1049 859 veluti
1088 824 1208 859 cum
1249 824 1374 859 vere
1413 823 1630 859 reverso

187 877 471 933 Bistoniae
510 882 734 950 tepuere
773 880 948 949 nives,
989 880 1333 933 submittitur
1371 880 1562 951 ingens

184 951 426 1007 Haemus
462 956 518 1008 et
549 957 814 1025 angustos
845 953 1108 1023 Rhodope
1141 954 1415 1009 descendit
1446 954 1503 1007 in
1536 971 1737 1007 amnes.
1795 965 1880 1006 195

187 1024 455 1097 Coeperat
494 1030 548 1081 et
584 1027 695 1081 leni
735 1029 914 1082 senior
952 1028 1185 1082 mulcere
1223 1028 1492 1082 furentem

190 1100 474 1171 Alloquio:
515 1101 675 1156 scidit
713 1119 836 1156 orsa
873 1120 1016 1156 novo
1055 1106 1261 1156 terrore
1301 1106 1525 1156 cruenta

189 1173 476 1246 Eumenis,
515 1175 887 1246 alipedemque
927 1176 1093 1229 citum
1133 1176 1431 1246 fataliaque
1472 1194 1624 1229 arma

186 1247 464 1320 Protinus,
503 1249 715 1303 Inachii
752 1251 936 1303 vultus
976 1268 1231 1320 expressa
1267 1250 1535 1319 Pherecli,

188 1321 402 1376 Obtulit
442 1341 503 1377 ac
541 1323 674 1377 fidas
715 1324 946 1377 exclusit
985 1324 1194 1378 casside
1232 1342 1406 1378 voces.
1796 1336 1883 1377 200

186 1397 269 1451 Ac
308 1415 470 1466 super
506 1397 662 1452 haec:
704 1397 1001 1467 ‘Abrumpe
1041 1416 1246 1466 moras,
1285 1398 1602 1451 celeremus!
1642 1401 1697 1450 et
1728 1397 1883 1450 illum

187 1470 500 1526 Adventare
537 1471 722 1525 ferunt
759 1471 969 1541 portis?
1047 1471 1136 1526 Sic
1175 1473 1357 1526 omnia
1395 1472 1548 1540 vicit,

187 1542 612 1616 Correptumque
651 1546 836 1600 iniecit
875 1564 1036 1616 equo;
1075 1547 1226 1601 volat
1265 1564 1497 1617 aequore
1538 1549 1727 1615 aperto

187 1617 432 1673 Pallidus
471 1620 873 1690 instantemque
914 1620 1044 1674 deae
1084 1621 1453 1691 circumspicit
1491 1620 1757 1673 umbram.

263 1690 427 1747 Sacra
462 1692 583 1749 Iovi
621 1695 818 1748 merito
859 1693 1058 1765 Tyrius
1096 1713 1197 1764 pro
1238 1694 1462 1748 fulmine
1499 1694 1691 1747 ductor
1797 1707 1882 1747 205

189 1764 539 1837 Nequiquam
576 1767 798 1823 Danaos
837 1772 990 1822 ratus
1031 1787 1340 1823 exarmasse
1378 1768 1605 1822 ferebat.

187 1838 302 1893 Nec
341 1843 497 1910 pater
534 1842 806 1896 aetherius
845 1842 1135 1913 divumque
1173 1842 1274 1897 has
1314 1843 1456 1896 ullus
1496 1842 1560 1895 ad
1604 1860 1726 1895 aras
1736 1883 1750 1911 ,

191 1912 296 1968 Sed
336 1915 482 1968 mala
521 1914 820 1984 Tisiphone
858 1917 1083 1986 trepidis
1123 1918 1329 1971 inserta
1367 1916 1636 1970 ministris

187 1987 355 2041 Astat
393 1991 449 2041 et
486 1988 698 2043 inferno
737 1991 1036 2059 praevertit
1071 1994 1202 2044 vota
1241 1990 1496 2045 Tonanti.

191 2059 437 2116 ‘Summe
461 2062 636 2132 deum,
659 2064 763 2116 tibi
786 2081 1017 2133 namque
1042 2082 1193 2117 meae
1220 2064 1520 2133 primordia
1545 2062 1765 2116 Thebae
1798 2077 1884 2116 210

215 2135 407 2190 Liveat
445 2135 726 2191 infandum
764 2138 892 2190 licet
931 2137 1113 2207 Argos
1154 2141 1209 2191 et
1248 2156 1440 2207 aspera
1477 2134 1641 2207 Iuno)

244 2209 431 2279 ebent,
471 2208 723 2264 Sidonios
763 2229 828 2263 ex
867 2229 971 2281 quo
1011 2230 1108 2282 per
1144 2212 1308 2265 litora
1347 2215 1535 2281 raptor

190 2283 449 2339 Turbasti
486 2285 697 2339 thiasos
706 2327 722 2355 ,
760 2285 1015 2355 dignatus
1055 2286 1266 2355 virgine
1305 2291 1495 2339 nostra

190 2356 368 2428 Terga
405 2359 580 2428 premi
618 2361 673 2412 et
710 2358 955 2428 placidas
992 2359 1195 2413 falsum
1234 2360 1447 2430 mugire
1485 2377 1582 2428 per
1621 2358 1816 2412 undas!

313 2515 398 2555 197
417 2524 484 2567 sq.
514 2509 752 2567 ‘Alloquio
771 2537 824 2544 —
842 2511 1082 2556 Eumenis’
1110 2511 1387 2557 Priscian.
1414 2512 1455 2555 X
1480 2517 1538 2557 24
1560 2527 1607 2569 p.
1624 2517 1725 2567 516,
1751 2516 1806 2556 22
1823 2511 1880 2556 H.

315 2655 396 2696 191
434 2664 691 2708 urnamque
720 2650 936 2707 PBG¹pg
969 2653 1111 2698 Behh.
1152 2665 1358 2708 urnaque
1393 2654 1511 2709 81ss
1537 2657 1622 2697 193
1660 2651 1816 2695 reuiso
1848 2657 1883 2694 P

190 2711 250 2756 al.
290 2725 348 2755 m.
395 2723 626 2766 suprascr.
664 2713 679 2770 ΙΙ
720 2716 804 2756 197
861 2711 1003 2756 scidit
1053 2710 1159 2769 ipsa
1208 2711 1357 2756 Prisc.
1398 2714 1414 2768 fl
1456 2716 1540 2755 199
1595 2710 1803 2768 pherecli
1848 2716 1883 2754 P

189 2767 407 2826 pherichi
434 2773 469 2813 B
503 2771 572 2827 (in
602 2773 713 2828 ras.)
752 2770 932 2827 perichi
963 2771 1110 2814 (3²81
1148 2769 1315 2827 pericli
1352 2771 1464 2815 Beh.
1499 2775 1525 2814 1
1558 2775 1638 2813 121.
1667 2769 1881 2814 Perinthi

194 2826 456 2874 Gronovius
485 2830 501 2886 ΙΙ
525 2834 610 2875 206
643 2829 821 2874 danaos
851 2832 1011 2887 raptos
1041 2835 1075 2873 P
1097 2832 1114 2887 u
1137 2834 1224 2874 208
1255 2828 1503 2886 tesiphone
1536 2835 1569 2872 P
1599 2828 1882 2887 thesiphone

191 2886 325 2942 Be²p
353 2890 360 2945 Ι
385 2887 627 2945 magistris
657 2893 690 2932 P
712 2891 728 2946 ss
753 2893 839 2934 214
868 2888 1042 2946 premit
1071 2888 1283 2946 placidas
1314 2888 1490 2932 fassum
1523 2894 1556 2932 P
