1976 3126
198 208 308 262 246
773 209 824 252 Ρ.
856 207 1084 253 PAPINII
1115 207 1311 253 STATII

196 329 314 383 Iam
353 330 532 396 vultu,
571 329 682 382 iam
720 328 866 382 crine
905 329 1063 397 latet,
1101 328 1212 382 iam
1252 328 1472 382 dextera
1510 347 1802 398 nusquam,

196 402 434 456 Ultimus
475 404 731 471 abreptas
770 401 914 455 ensis
954 401 1230 456 descendit
1266 403 1322 455 in
1359 402 1546 456 undaS.

196 476 347 530 Mille
386 477 560 529 modis
598 476 697 530 leti
736 476 961 529 miseros
999 494 1146 529 mors
1185 494 1296 529 una
1333 475 1544 546 fatigat.
1800 490 1884 531 280

195 550 381 604 Induit
420 569 453 603 a
490 553 646 620 tergo
684 550 984 619 Mycalesia
1022 549 1200 619 cuspis
1240 551 1509 620 Agyrten3

195 623 484 693 Respexit,
522 642 790 694 nusquam
830 626 1020 678 auctor
1060 627 1200 691 erat,
1240 624 1332 677 sed
1372 623 1584 678 concita
1621 626 1801 677 tractu

197 697 442 767 Gurgitis
484 698 745 768 effugiens
783 698 1068 753 invenerat
1104 697 1265 752 hasta
1303 715 1561 751 cruorem.

269 771 485 841 Figitur
524 776 579 826 et
616 771 826 826 validos
866 771 1083 841 sonipes
1122 771 1352 825 Aetolus
1391 771 1449 824 in
1490 789 1693 841 armos,

195 844 542 915 Exsiluitque
581 847 691 899 alte
728 846 783 900 vi
821 846 1013 899 mortis
1054 848 1108 900 et
1148 863 1277 899 aera
1313 845 1552 916 pendens
1799 858 1885 899 285

196 918 488 990 Verberat3
528 919 663 973 haut
700 923 887 973 tamen
925 922 1010 973 est
1045 919 1299 973 turbatus
1337 919 1561 973 flumine
1601 917 1814 989 ductor,

198 992 302 1045 Sed
341 994 632 1047 miseratur
670 1011 891 1063 equum,
930 1010 1233 1064 magnoque
1274 1013 1339 1047 ex
1378 994 1596 1046 vulnere
1634 994 1805 1046 telum

194 1066 363 1120 Exuit
401 1068 519 1136 ipse
559 1083 781 1137 gemens
822 1071 877 1121 et
917 1071 1111 1138 sponte
1148 1068 1360 1121 remisit
1397 1067 1655 1121 habenas.

194 1139 324 1193 Inde
364 1140 527 1210 pedes
566 1142 765 1211 repetit
803 1158 1014 1211 pugnas
1054 1159 1349 1212 gressuque
1388 1159 1658 1211 manuque

196 1213 432 1285 Certior,
471 1218 527 1269 et
566 1233 789 1286 segnem
826 1215 1088 1270 Nomium
1125 1215 1428 1286 fortemque
1464 1214 1732 1268 Mimanta
1802 1228 1886 1269 290
1935 1236 1939 1255 2

196 1288 616 1359 Thebaeumque
655 1288 863 1343 Lichan
900 1288 1415 1359 Anthedoniumque
1453 1288 1719 1359 Lycetum

195 1359 496 1416 Continuat
533 1363 677 1417 ferro
712 1364 1050 1435 geminisque
1089 1381 1117 1416 e
1156 1363 1417 1417 fratribus
1455 1381 1625 1417 unum

201 1434 566 1508 Thespiaden3
606 1437 794 1491 eadem
832 1438 1081 1506 poscenti
1117 1437 1235 1491 fata
1272 1437 1535 1491 Panemo:

197 1496 362 1564 ‘Vive
403 1511 702 1580 superstes'
743 1512 845 1581 ait,
885 1510 1157 1581 ‘diraeque
1196 1511 1264 1564 ad
1302 1512 1518 1565 moenia
1558 1510 1771 1565 Thebes

196 1582 355 1638 Solus
395 1586 508 1655 abi,
547 1586 775 1640 miseros
813 1603 926 1640 non
964 1586 1251 1655 decepture
1289 1588 1555 1655 parentes,
1801 1597 1886 1639 295
1960 1615 1965 1634 t

193 1656 266 1710 Di
304 1658 462 1728 bene,
503 1659 648 1728 quod
686 1677 899 1730 pugnas
937 1659 1188 1728 rapidum
1225 1658 1423 1713 deiecit
1459 1659 1515 1711 in
1556 1677 1769 1713 amnem

195 1729 503 1802 Sanguinea
545 1732 772 1787 Bellona
809 1751 1000 1787 manu:
1039 1733 1210 1786 trahit
1247 1733 1392 1786 unda
1429 1733 1684 1787 timentes

195 1804 426 1874 Gurgite
465 1806 682 1876 gentili,
720 1807 866 1861 nuda
902 1825 1001 1861 nec
1040 1807 1237 1860 flebilis
1275 1807 1472 1860 umbra

195 1877 459 1934 Stridebit
496 1884 706 1935 vestros
746 1880 964 1950 Tydeus
1003 1881 1317 1934 inhumatus
1358 1880 1427 1934 ad
1465 1880 1643 1951 ignes;
1936 1935 1941 1939 .
1975 1922 1976 1955 ³

194 1952 354 2006 Ibitis
395 1954 676 2024 aequoreis
716 1955 954 2008 crudelia
990 1955 1195 2025 pabula
1232 1955 1517 2023 monstriS‚
1802 1967 1887 2009 300
1936 1968 1976 2030 ’ᾖ

193 2025 356 2080 Illum
394 2030 543 2082 terra
583 2028 733 2082 vehit
773 2047 976 2098 suaque
1014 2029 1075 2082 in
1112 2028 1408 2100 primordia
1448 2027 1655 2083 solvet?
1967 2033 1976 2061 w

197 2098 284 2154 Sic
323 2102 521 2170 premit
560 2102 814 2156 adversos
854 2107 910 2156 et
950 2103 1168 2157 acerbat
1205 2103 1428 2158 vulnera
1468 2102 1651 2171 dictis3

193 2178 273 2228 Ac
310 2193 454 2230 nunc
493 2194 619 2229 ense
656 2177 813 2245 furit,
851 2195 994 2230 nunc
1032 2178 1144 2230 tela
1180 2177 1431 2231 natantia
1469 2179 1694 2246 captans

197 2247 431 2318 Ingerit:
470 2250 732 2319 innuptae
772 2251 1029 2304 comitem
1067 2250 1320 2304 Therona
1355 2250 1586 2320 Dianae,

311 2390 399 2430 294
419 2400 486 2441 sq.
522 2386 666 2432 ‘Vive
702 2414 755 2420 —
788 2387 894 2432 abi’
937 2387 1211 2434 Priscian.
1245 2388 1290 2432 V
1329 2393 1386 2434 55
1424 2403 1469 2446 p.
1506 2394 1611 2444 176,
1655 2393 1709 2433 19
1741 2387 1798 2433 Η.
1831 2411 1884 2420 —-

192 2448 293 2489 299.
330 2444 591 2490 ‘Stridebit
623 2473 678 2479 -
709 2446 873 2503 ignes'
909 2445 1189 2492 Priscian.
1223 2447 1266 2491 X
1297 2453 1352 2493 29
1384 2463 1430 2505 p.
1464 2453 1565 2504 521,
1602 2452 1656 2493 15
1687 2446 1743 2493 H.
1974 2457 1976 2463 “

311 2575 397 2615 279
440 2571 662 2627 abreptas
693 2576 726 2614 P
767 2573 978 2628 arreptas
1010 2572 1120 2617 Beh.
1163 2573 1390 2630 abruptas
1428 2573 1621 2617 BG²su
1649 2575 1656 2621 Ι
1682 2572 1782 2617 ensi
1811 2576 1844 2616 P
1873 2570 1881 2630 Ι
1974 2565 1976 2612 ἶ

196 2628 258 2672 ad
287 2630 479 2674 umbras
511 2635 544 2673 P
566 2633 581 2687 11
606 2636 691 2675 286
723 2630 918 2675 fulmine
949 2636 982 2673 P
1005 2633 1020 2688 ΙΙ
1045 2636 1130 2676 287
1164 2645 1188 2676 e
1221 2631 1411 2677 vulnere
1442 2637 1528 2675 ΒΜ
1556 2635 1563 2689 l
1590 2632 1828 2688 telumque
1858 2642 1884 2675 e

199 2687 393 2733 vulnere
423 2703 648 2746 magnum
679 2690 907 2734 Ba-rthius
930 2692 944 2746 ΙΙ
969 2696 1055 2735 290
1086 2689 1268 2735 minata
1290 2696 1323 2734 P
1347 2706 1422 2748 pr.
1448 2706 1519 2746 m.‚
1553 2693 1631 2747 (al.
1657 2705 1770 2736 corr.
1802 2704 1883 2747 ny·

198 2749 379 2805 manta)
411 2748 640 2793 mimanta
663 2754 696 2792 B
720 2748 935 2792 minanta
961 2750 1170 2793 G2ScGT
1196 2751 1337 2795 Behh.
1363 2752 1378 2808 ΙΙ
1402 2756 1486 2795 291
1513 2750 1884 2805 Thisbaeumque

199 2805 460 2852 Gronovius
483 2823 505 2852 e
529 2810 622 2854 cod.
652 2810 659 2865 Ι
686 2808 905 2865 lycheum
927 2813 960 2851 P
991 2808 1164 2852 liceum
1188 2824 1211 2852 c
1234 2811 1249 2865 ΙΙ
1273 2814 1359 2854 293
1392 2824 1567 2855 versum
1598 2824 1680 2855 om.
1707 2814 1740 2852 Τ
1761 2811 1777 2864 ΙΙ
1800 2811 1882 2852 296
1972 2815 1976 2868 ξ

193 2864 375 2922 delegit
404 2871 482 2909 PG
519 2869 535 2924 ss
571 2872 654 2912 301
698 2867 850 2911 solvet
879 2872 1007 2910 PGJt
1049 2867 1192 2911 solvit
1221 2867 1414 2911 30:²81
1451 2871 1467 2925 ΙΙ
1506 2874 1592 2913 303
1625 2868 1689 2912 At
1718 2869 1883 2910 Palu
1972 2878 1976 2900 ³

191 2923 320 2969 Leid.
350 2927 357 2980 Ι
386 2926 584 2981 captans
615 2931 694 2968 PG
724 2927 916 2982 raptans
950 2928 1082 2970 ceteri
1106 2929 1120 2984 ΙΙ
1144 2932 1231 2971 304
1262 2927 1439 2971 herona
1469 2932 1502 2970 P
1531 2927 1742 2984 pherona
1775 2930 1802 2968 8
