1976 3094
216 169 327 222 202
789 166 840 210 Ρ.
871 163 1100 208 PAPINII
1130 161 1325 208 STATII

216 290 587 358 Gradivusque
621 305 791 357 socer3
830 286 1104 340 Bacchum
1134 286 1271 339 haut
1301 285 1592 340 mentimur
1624 288 1899 341 alumnum

217 365 292 420 Et
330 381 589 434 magnum
627 359 890 413 Alciden.²
966 359 1198 413 Iactanti
1238 360 1374 413 talia
1411 359 1614 415 frustra

213 438 486 492 Turbidus
528 436 675 489 aeria
716 433 998 503 Capaneus
1039 434 1271 487 occurrit
1307 434 1364 486 in
1402 433 1576 489 hasta.

216 513 410 575 Qualis
450 511 544 563 ubi
582 509 814 579 primam
853 509 937 561 leo
977 527 1135 561 mane
1175 507 1442 561 cubilibus
1483 511 1614 562 atris
1818 522 1902 562 670

219 586 410 639 Erexit
448 584 656 637 rabiem
695 586 750 635 et
789 601 949 636 saevo
991 582 1299 651 speculatur
1338 582 1404 635 ab
1446 587 1600 636 antro

220 661 332 713 Aut
372 677 588 711 cervum
628 660 722 710 aut
759 657 997 710 nondum
1036 657 1332 709 bellantem
1369 657 1546 710 fronte
1578 658 1883 721 iuvencum,

219 734 272 787 It
311 733 529 785 fremitu
568 731 831 802 gaudenS,
868 731 995 783 licet
1034 749 1187 783 arma
1226 726 1526 802 gregesque
1564 733 1832 784 lacessant

213 807 550 875 Venantum,
588 804 845 875 praedam
883 804 1031 857 videt
1069 808 1124 857 et
1162 823 1260 857 sua
1297 806 1522 858 vulnera
1559 806 1756 859 nescit:

220 880 309 934 Sic
349 884 467 932 tum
507 897 800 949 congressu
841 877 1124 947 Capaneus
1166 879 1382 948 gavisus
1421 880 1608 949 iniquo
1819 892 1903 933 675

219 954 483 1008 Librabat
520 970 721 1023 magna
759 955 1046 1006 venturam
1086 953 1230 1006 mole
1269 971 1596 1022 cupressum.

221 1030 365 1082 Ante
404 1032 592 1081 tamen
632 1027 781 1096 ‘quid
819 1027 1067 1080 femineis
1105 1027 1424 1080 ululatibus’
1465 1028 1664 1098 inquit,

222 1102 546 1166 ‘TerrificaS‚
588 1101 870 1169 moriture,
910 1101 1093 1154 viros?
1133 1102 1344 1154 utinam
1382 1102 1498 1171 ipse
1537 1102 1765 1170 veniret,

219 1175 324 1230 Oui
354 1175 508 1228 furis!
540 1176 674 1229 haec
699 1175 878 1244 Tyriis
913 1193 1042 1228 cane
1067 1175 1334 1228 matribus
1347 1175 1378 1228 1'
1414 1177 1487 1229 Et
1510 1176 1670 1229 simul
1694 1176 1908 1228 hastam

222 1250 469 1319 Expulit3
509 1250 606 1302 illa
644 1249 857 1316 volam,
897 1267 994 1302 ceu
1031 1249 1112 1302 vis
1150 1267 1263 1302 non
1299 1250 1413 1304 ulla
1453 1254 1693 1303 moretur
1822 1256 1935 1315 6802

220 1323 418 1392 Obvia,
457 1323 548 1376 vix
588 1323 772 1376 sonuit
810 1323 982 1393 clipeo
1024 1327 1079 1376 et
1115 1323 1226 1376 iam
1264 1326 1420 1395 terga.
1457 1324 1687 1393 reliquit.

223 1399 393 1451 Arma
433 1397 626 1467 fluunt,
666 1397 952 1468 longisque
991 1401 1177 1467 crepat
1217 1398 1546 1468 singultibus
1588 1418 1800 1468 aurum,

223 1472 571 1540 Eruptusque
613 1472 759 1524 sinus
799 1471 932 1524 vicit
970 1490 1141 1525 cruor.
1218 1471 1429 1526 Occidis
1471 1473 1667 1543 audax,

223 1544 438 1600 Occidis
477 1546 641 1598 Aonii
678 1564 811 1615 puer
849 1545 1020 1598 altera
1060 1564 1188 1600 cura
1226 1546 1408 1616 Lyaei.

223 1618 465 1672 Marcida
503 1622 557 1671 te
596 1619 784 1672 fractis
822 1620 1151 1687 planxerunt
1187 1619 1398 1674 Ismara
1436 1622 1663 1691 thyrsiS‚
1827 1634 1911 1674 685

225 1692 302 1745 Te
342 1692 582 1761 Tmolos,
621 1696 676 1745 tc
715 1691 870 1761 Nysa
907 1693 1058 1746 ferax
1096 1693 1410 1765 Theseaque
1448 1694 1633 1749 Naxos

226 1766 302 1819 Et
340 1766 599 1819 Thebana
637 1769 789 1819 metu
825 1767 1034 1819 iuratus
1073 1767 1130 1820 in
1171 1768 1323 1838 orgia
1364 1768 1595 1840 Ganges,

301 1838 417 1893 Nec
458 1858 679 1910 segnem
718 1841 1006 1910 Argolicae
1046 1859 1262 1895 sensere
1299 1841 1560 1897 Eteoclea
1600 1848 1830 1909 turmae,

227 1913 450 1967 Parcior
490 1914 557 1966 ad
597 1914 738 1968 cives
777 1914 1050 1983 Polynicis
1090 1915 1362 1969 inhorruit
1401 1919 1560 1971 ensis.

225 1987 448 2040 Eminet
487 1990 612 2041 ante
652 1988 788 2041 alios
829 1989 938 2041 iam
977 1989 1393 2044 formidantibus
1434 2011 1565 2046 arva
1831 2004 1914 2045 690

227 2060 594 2130 Amphiaraus
637 2063 786 2131 equis
827 2081 888 2116 ac
929 2063 1102 2116 multo
1140 2064 1362 2132 pulvere
1401 2067 1566 2119 vertit

225 2133 494 2204 Campum
526 2135 923 2206 indignantem:
962 2137 1165 2190 famulo
1207 2137 1366 2192 decus
1408 2140 1555 2193 addit
1594 2140 1752 2194 inane

228 2208 471 2262 Maestus
514 2213 568 2262 et
608 2214 878 2264 extremos
919 2211 1097 2263 obitus
1137 2211 1395 2266 inlustrat
1433 2214 1646 2283 Apollo,

175 2275 190 2288 ‘
229 2282 333 2335 Ille
374 2284 540 2336 etiam
580 2284 814 2353 clipeum
854 2284 1174 2354 galeamque
1213 2285 1451 2340 incendit
1488 2288 1695 2342 honoro

230 2356 435 2425 Sidere3
475 2375 573 2410 nec
612 2359 766 2410 tarde
804 2359 986 2427 fratri,
1027 2358 1278 2429 Gradive,
1319 2360 1536 2432 dedisti,
1832 2371 1914 2415 695
1974 2407 1976 2436 ἑ

229 2429 312 2482 Ν6
354 2449 459 2499 qua
498 2449 689 2484 manus
729 2435 932 2501 vatem,
971 2451 1038 2484 ne
1079 2433 1207 2502 quid
1246 2436 1496 2489 mortalia
1535 2437 1678 2489 bello
1974 2444 1976 2454 ⁴

233 2503 467 2557 Laedere
507 2505 618 2557 tela
659 2510 879 2574 queant:
922 2509 1168 2559 sanctum
1209 2510 1263 2560 et
1301 2511 1606 2563 venerabile
1646 2509 1761 2564 Diti

1952 1754 1967 1811 Ξ

1963 1892 1967 1903 ,

353 2655 438 2694 667
477 2649 703 2693 mentitur
735 2651 772 2694 δ’
807 2652 935 2706 prob.
972 2651 1178 2696 Bentleio
1209 2654 1225 2708 ΙΙ
1256 2658 1342 2698 670
1375 2655 1513 2698 astris
1553 2661 1585 2698 P
1628 2655 1742 2700 artis
1773 2654 1917 2698 Baeh-
1974 2634 1976 2663 ὲ

230 2710 411 2753 rensius
449 2710 464 2765 ΙΙ
505 2715 585 2754 671
630 2711 870 2765 spectatur
907 2714 940 2752 P
978 2711 992 2766 ΙΙ
1032 2715 1115 2755 683
1156 2710 1449 2768 Eruptosque
1490 2719 1523 2757 P
1560 2715 1849 2772 Ereptusque
1888 2716 1919 2754 Τ

229 2766 522 2823 Eructasque
567 2769 678 2812 Beh.
719 2770 778 2813 al.
818 2783 875 2813 m.
924 2769 1272 2826 Erumpensque
1319 2772 1427 2817 Αἶά.
1475 2772 1772 2831 Eruptusque
1819 2772 1921 2816 sinu

232 2826 460 2871 Heinsius
491 2827 505 2882 ΙΙ
538 2833 621 2871 692
661 2827 846 2872 abdidit
878 2841 1012 2871 omne
1045 2834 1089 2883 P,
1123 2831 1244 2874 unde
1274 2830 1587 2878 Baehrensius
1621 2832 1920 2891 probabiliter

231 2887 348 2930 coni.
384 2885 571 2929 addidit
603 2900 737 2930 omne
1459 2906 1461 2909 ¹
