1988 3106
635 164 954 212 summm-
977 166 1028 211 12.
1059 166 1119 224 11,
1150 170 1191 213 τ.
1724 166 1796 220 63

291 284 367 340 Et
469 289 618 340 atum
654 287 1014 357 popularitate
1051 285 1325 357 Magnum.

292 357 374 412 Tu
457 359 676 413 elusiaci
715 359 888 413 scelus
928 357 1139 429 Canopi
1740 374 1795 414 70

291 429 528 486 Deflebis
564 433 686 502 pius
725 436 781 485 et
817 432 994 486 Pharo
1032 436 1254 486 cruenta

291 503 549 575 Pompeio
589 505 740 559 dabis
780 506 941 559 altius
982 506 1298 575 sepulcrum.

290 577 439 632 Haec
475 579 650 648 primo
688 578 898 632 iuuenis
937 596 1096 632 canes
1137 579 1237 632 sub
1275 596 1424 650 aeu0‚

290 651 434 705 Ante
473 669 641 706 annos
680 653 862 706 culicis
902 651 1220 705 Maroniani.

292 723 458 779 Cedet
493 724 652 779 Musa
689 725 835 780 rudis
874 725 1069 779 ferocis
1108 725 1255 779 Enni
1737 740 1793 780 ‘15

289 796 365 852 Et
402 798 546 852 docti
581 799 732 853 furor
770 798 966 853 arduus
1005 798 1234 867 Lucreti,

289 870 365 925 Et
403 871 494 943 qui
532 889 629 942 per
666 871 804 925 freta
841 872 994 925 duxit
1030 872 1391 942 Argonautae,

288 944 365 999 Et
402 945 494 1015 qui
532 962 756 1015 corpora
793 946 968 1015 prima
1004 946 1366 1016 transfigurat.

291 1017 434 1082 Quin
471 1018 646 1072 maius
677 1019 887 1089 loquar:
926 1019 1045 1088 ipsa
1081 1023 1136 1071 te
1175 1018 1387 1074 Latinis

289 1091 487 1146 Aeneis
525 1092 869 1146 uenerabitur
906 1096 1201 1146 canentem.
1735 1107 1791 1147 80

287 1163 342 1219 N
345 1183 403 1219 ec
441 1165 618 1219 solum
656 1165 794 1219 dabo
833 1166 1128 1220 carminum
1165 1166 1411 1235 nitorem,

293 1236 396 1292 Sed
431 1238 604 1292 taedis
643 1239 945 1309 genialibus
985 1239 1173 1292 dicabo

289 1310 524 1368 Doctam
561 1314 721 1381 atque
759 1312 975 1382 ingenio
1014 1316 1110 1365 tuo
1148 1312 1395 1366 decoram

287 1382 499 1455 Forma,
537 1385 895 1454 simplicitate,
934 1385 1202 1454 comitate,

290 1457 489 1526 Censu,
529 1459 804 1528 sanguine,
844 1459 1035 1528 gratia,
1074 1458 1271 1527 lepore,
1429 1508 1451 1525 Ι
1734 1473 1791 1514 85

289 1530 511 1594 Qualem
548 1532 749 1586 blanda
785 1530 969 1585 Uenus
1007 1531 1263 1602 daretque
1300 1531 1459 1600 Iun03

41 1606 81 1676 δῖ
287 1604 362 1659 Et
399 1608 607 1659 uestros
645 1605 984 1674 hymenaeon
1022 1607 1148 1658 ante
1186 1609 1370 1674 postes

60 1676 86 1756 J.
287 1677 464 1732 Festis
491 1678 750 1732 ‘cantibus
786 1679 907 1748 ipsa
943 1679 1260 1747 personabo.

47 1759 116 1816 ’,ἐξ
289 1750 334 1805 O
374 1768 566 1806 saeuae
602 1751 828 1805 nimium
869 1769 1166 1821 grauesque
1204 1752 1427 1804 Parcae!

46 1834 82 1884 ·;
113 1824 117 1829 ’
289 1823 333 1878 Ο
370 1843 665 1896 numquam
703 1825 830 1878 data
867 1826 1032 1895 longa
1067 1826 1185 1878 fata
1225 1826 1470 1878 summis!
1733 1842 1790 1881 90

290 1896 401 1952 Cur
435 1898 572 1968 pluS,
610 1898 791 1967 ardua,
828 1899 1040 1951 casibus
1078 1898 1314 1968 patetis?

290 1969 400 2025 Cur
438 1989 602 2025 saeua
639 1971 755 2025 uice
794 1988 992 2042 magna
1029 1990 1140 2025 non
1179 1973 1502 2026 senescunt?

289 2042 376 2098 Sic
412 2048 600 2098 natum
637 2044 958 2099 Nasamonii
995 2044 1257 2098 Tonantis

287 2117 422 2171 Post
458 2121 607 2171 ortus
646 2118 929 2187 obitusque
966 2117 1280 2171 fulminatos

289 2193 536 2261 Angusto
575 2190 827 2259 Babylon
863 2191 1063 2259 premit
1100 2191 1359 2259 sepulcrO.
1730 2206 1786 2246 95

292 2262 380 2317 Sic
417 2263 582 2317 fixum
619 2263 828 2317 Paridis
867 2282 1031 2316 manu
1067 2263 1346 2317 trementis

143 2455 199 2496 69
228 2465 422 2509 granum
451 2454 602 2508 101173
635 2453 930 2509 sepulchrum
959 2455 1167 2510 (itemque
1198 2458 1268 2507 95,
1299 2467 1394 2498 non
1425 2459 1509 2499 103
1548 2459 1589 2498 et
1621 2458 1722 2511 110)
1753 2461 1786 2498 1.

157 2508 279 2564 Quin
309 2514 361 2555 5:
403 2509 524 2564 Quid
555 2515 584 2553 0
615 2526 643 2554 a
671 2516 704 2554 L
731 2514 738 2568 Ι
763 2512 929 2567 loquar
957 2517 1010 2556 L:
1042 2513 1209 2568 loquor
1239 2517 1268 2554 G
1298 2527 1326 2554 a
1351 2514 1358 2568 Ι
1384 2512 1484 2568 ipse
1513 2518 1546 2555 L
1569 2516 1586 2569 ΙΙ
1608 2519 1663 2558 81
1689 2528 1784 2558 car·

125 2565 136 2577 ‘
197 2567 328 2613 Dom.
360 2570 376 2626 ΙΙ
406 2574 462 2614 82
494 2569 775 2626 genitalibus
811 2574 841 2612 0
872 2586 900 2613 a
929 2575 962 2613 L
984 2572 1000 2627 ΙΙ
1023 2575 1078 2615 83
1118 2570 1358 2627 ingenituo
1395 2575 1428 2613 1.
1459 2574 1474 2627 u
1505 2577 1574 2616 86.
1619 2577 1689 2616 84.
1729 2578 1784 2617 85

119 2631 125 2674 J
238 2631 267 2669 0
305 2642 334 2670 a
368 2631 424 2682 L,
461 2629 632 2673 traieci.
666 2633 913 2684 praeeunte
949 2643 1005 2673 ex
1035 2633 1171 2685 parte
1209 2629 1428 2673 Geuartio
1459 2635 1537 2682 84,
1573 2634 1628 2675 85
1660 2632 1788 2676 eiecit

141 2685 199 2730 kz.
230 2686 246 2740 ΙΙ
275 2690 332 2731 85
362 2686 519 2743 lepore
549 2686 937 2744 Lindenbroyius:
975 2689 1142 2732 decore
1172 2692 1201 2729 c
1233 2702 1260 2730 a
1289 2692 1322 2729 L
1352 2689 1367 2744 ΙΙ
1397 2692 1451 2732 87
1484 2702 1712 2744 ymeneon
1746 2695 1787 2734 et

119 2748 121 2750 ’
193 2747 253 2798 Ξ
288 2746 439 2797 (erasa
471 2748 494 2788 t
531 2745 638 2798 litt.)
674 2747 823 2802 Lss89
856 2761 909 2801 q;
947 2760 1002 2790 ex
1039 2759 1152 2790 corr.
1190 2750 1224 2787 1.
1255 2748 1271 2801 ΙΙ
1301 2751 1356 2789 90
1394 2761 1559 2802 numq:
1597 2752 1630 2789 L
1658 2748 1664 2803 Ι
1690 2748 1786 2792 fata

176 2805 229 2848 ta
258 2807 296 2846 A
325 2806 355 2846 0
384 2807 417 2845 L
440 2804 456 2860 ΙΙ
479 2808 534 2847 93
568 2802 643 2847 Sic
673 2806 834 2848 natum
866 2808 895 2848 ς
928 2819 975 2847 a:
1012 2803 1256 2862 Signatum
1288 2809 1316 2846 G
1345 2809 1377 2846 L
1401 2806 1417 2860 ΙΙ
1439 2810 1496 2848 94
1526 2806 1730 2862 p'oortus
1752 2811 1785 2849 1.

107 2907 110 2910 ,
147 2860 388 2907 trementis
419 2862 538 2906 edd:
566 2862 816 2918 prementis
846 2867 883 2904 A
915 2867 943 2904 0
973 2867 1006 2905 L
1035 2863 1255 2907 trementi
1287 2864 1459 2907 Markl.
