1976 3126
659 139 1003 186 THEBAIDOS
1035 139 1146 187 ΜΒ.
1179 139 1257 187 ῙΧ.
1707 143 1816 199 263

128 266 361 335 Missile,
399 281 498 318 nec
536 262 749 334 requies
788 262 1031 331 dextrae,
1073 262 1417 333 sonitumque
1457 265 1627 333 priori

128 339 319 411 Iungit
363 337 605 393 harundo
654 354 901 407 sequens.
969 336 1152 391 Unum
1192 338 1312 407 quis
1353 339 1595 392 crederet
1634 358 1818 394 arcum

127 415 242 470 Aut
279 430 443 468 unam
483 411 688 466 saevire
728 411 989 465 manum?
1030 410 1192 465 modo
1232 411 1432 482 derigit
1469 413 1630 483 ictuS,

128 488 288 543 Nunc
325 488 494 541 latere
533 482 740 539 altern'o
780 485 974 539 dubius
1015 485 1299 539 conamina
1338 489 1535 557 mutat,

128 563 286 619 Nunc
323 562 470 633 fugit
506 561 773 614 instantes
814 563 869 613 et
907 560 1024 613 solo
1063 560 1287 630 respicit
1326 579 1467 614 arcu.
1736 576 1822 617 775

205 637 279 691 Et
317 637 428 689 iam
468 635 729 688 mirantes
769 633 1222 704 indignantesque
1262 634 1482 689 coibant

130 709 492 778 Labdacidae,
531 708 845 778 primusque
884 707 1031 762 Iovis
1072 708 1137 762 de
1177 710 1440 778 sanguine
1481 710 1624 763 claro

131 784 408 855 Amphion
446 779 670 854 ignarus
710 782 906 851 adhuc,
947 800 1083 852 quae
1124 783 1315 836 funera
1355 784 1560 853 campis

130 858 231 913 Ille
269 858 441 913 daret:
483 856 758 921 ‘Quonam
797 874 965 926 usque
1006 875 1213 911 moram
1255 856 1532 911 lucrabere
1571 858 1694 927 fati,

132 932 177 987 O
217 932 448 986 multum
486 931 710 985 meritos
748 949 882 999 puer
921 932 1175 985 orbature
1214 933 1503 1000 parentes?
1739 944 1824 986 ‘180

131 1006 273 1071 Quin
312 1005 478 1061 etiam
517 1005 687 1058 menti
725 1007 908 1058 tumor
947 1008 1108 1076 atque
1149 1004 1378 1059 audacia
1417 1006 1621 1076 gliscit,

131 1079 470 1151 Congressus
509 1080 636 1133 dum
674 1097 833 1132 nemo
873 1082 998 1133 tuos
1037 1096 1387 1150 pugnamque
1428 1081 1691 1134 minorem

131 1153 405 1227 Dignatur
442 1154 603 1208 bellis
643 1153 830 1222 iraque
868 1154 1187 1223 relinqueris
1228 1151 1385 1206 infra.

131 1229 180 1298 I,
218 1232 406 1299 repete·
441 1227 733 1282 Arcadiam
771 1226 1080 1297 mixtusque
1121 1227 1441 1299 aequalibus
1481 1228 1616 1298 illic,

131 1302 277 1357 Dum
314 1301 462 1357 ferus
500 1302 589 1356 hic
625 1319 751 1355 vero
794 1300 1035 1354 desaevit
1071 1302 1292 1371 pulvere
1332 1301 1576 1369 Mavors,
1741 1315 1826 1356 785

132 1377 346 1431 Proelia
384 1377 508 1430 lude
548 1376 717 1430 domi:
758 1375 949 1445 quodsi
987 1379 1042 1429 te
1082 1378 1292 1430 maesta
1332 1377 1566 1445 sepulcri

132 1450 302 1505 Fama
340 1453 542 1518 movet,
581 1449 854 1519 dabimuS,
893 1450 1001 1503 leto
1042 1450 1271 1503 moriere
1310 1449 1603 1503 virorum!’

130 1524 452 1579 Iamdudum
491 1523 634 1578 hunc
673 1527 862 1579 eontra
899 1524 1142 1578 stimulis
1182 1523 1526 1595 gravioribus
1568 1524 1722 1578 ardet

132 1599 278 1653 Trux
316 1597 699 1653 Atalantiades
739 1596 991 1669 (necdum
1029 1598 1122 1652 ille
1163 1597 1398 1669 quierat)
1441 1603 1495 1652 et
1532 1598 1676 1652 infit:

133 1671 294 1727 ‘Sera
325 1674 492 1727 etiam
515 1673 574 1726 in
597 1672 836 1743 Thebas,
869 1691 1098 1742 quarum
1122 1672 1212 1726 hic
1237 1673 1527 1741 exercitus,
1560 1691 1710 1726 arma
1743 1686 1829 1726 ‘190

133 1747 382 1818 Profero3
420 1747 665 1817 quisnam
705 1747 839 1801 adeo
878 1765 1034 1817 puer,
1074 1750 1136 1801 ut
1175 1746 1378 1802 bellare
1418 1752 1628 1800 recuset

134 1820 395 1875 Talibus?
434 1820 698 1874 Arcadiae
738 1822 967 1890 stirpem
1006 1826 1062 1875 et
1099 1822 1216 1875 fera
1257 1821 1462 1875 semina
1501 1821 1680 1892 gentis
1690 1863 1704 1891 ,

135 1893 265 1948 Non
303 1893 562 1948 Thebana
599 1895 772 1949 vides:
810 1913 922 1948 non
961 1914 1047 1949 me
1088 1896 1187 1949 sub
1226 1899 1386 1949 nocte
1427 1895 1612 1949 silenti

137 1968 342 2039 Thyias
382 1968 648 2022 Echionio
690 1968 937 2039 genetrix
974 1970 1243 2023 famulata
1279 1970 1461 2038 Lyaeo

135 2042 346 2112 Edidit,
383 2042 520 2096 haut
557 2061 814 2112 umquam
857 2042 1125 2096 deformes
1165 2045 1367 2097 vertice
1407 2043 1599 2096 mitras
1745 2055 1830 2097 795

136 2115 416 2171 Induimus
453 2120 745 2186 turpesque
785 2135 949 2170 manu
987 2117 1309 2171 iactavimus
1349 2116 1552 2170 hastaS.

138 2190 398 2244 Protinus
437 2191 726 2244 adstrictos
767 2190 931 2243 didici
968 2194 1185 2260 reptare
1223 2210 1322 2259 per
1361 2209 1548 2243 amnes

138 2264 554 2335 Horrendasque
593 2265 782 2318 domus
821 2282 1145 2334 magnarum
1184 2266 1389 2318 intrare
1428 2265 1667 2317 ferarum

77 2392 84 2398 ,
137 2337 214 2392 Et
249 2367 312 2377 —
341 2338 471 2408 quid
501 2339 660 2409 plura
691 2339 921 2408 loquar?
954 2340 1155 2392 ferrum
1188 2358 1310 2393 mea
1342 2357 1554 2408 semper
1587 2342 1643 2391 et
1674 2357 1831 2392 arcus

139 2412 317 2467 Mater
354 2412 541 2482 habet,
580 2414 748 2466 vestri
786 2412 989 2466 feriunt
1027 2432 1159 2467 cava
1196 2417 1458 2484 tympana
1495 2412 1714 2482 patres?
1746 2425 1834 2467 800

138 2485 266 2541 Non
302 2486 435 2540 tulit
472 2486 751 2556 Amphion
791 2487 1107 2557 vultumque
1148 2492 1203 2542 et
1242 2489 1299 2541 in
1339 2507 1436 2541 ora
1473 2488 1747 2556 loquentis

261 2637 347 2679 773
395 2631 561 2690 dirigit
603 2634 731 2678 codd.
770 2634 786 2689 ss
825 2637 908 2678 781
956 2635 1112 2678 tumor
1148 2647 1318 2678 rasura
1364 2633 1613 2677 extinctum
1652 2645 1736 2677 rec.
1776 2646 1834 2676 m.

138 2692 349 2750 rescripic
377 2697 411 2735 P
448 2694 464 2749 ΙΙ
503 2696 588 2736 783
628 2692 789 2747 iraque
828 2697 862 2735 P
901 2692 1110 2748 iramque
1143 2694 1277 2736 ceteri
1314 2693 1328 2748 ΙΙ
1369 2696 1453 2736 789
1494 2690 1680 2746 quierat
1717 2691 1767 2734 et
1802 2695 1835 2733 P

144 2751 388 2807 quieverat
416 2755 541 2795 Bsu
578 2752 594 2807 ΙΙ
633 2755 719 2795 794
756 2750 912 2809 Thyas
945 2754 1071 2797 codd.
1121 2750 1293 2808 Thyias
1339 2765 1453 2796 corr.
1510 2751 1736 2806 lVeberus,
1776 2751 1835 2804 cf.

149 2809 194 2854 V
227 2814 289 2856 92
325 2812 340 2869 ΙΙ
380 2816 464 2855 796
510 2809 731 2866 turpique
769 2825 829 2855 m.
870 2810 900 2855 i.
939 2810 1127 2855 hastam
1164 2812 1293 2855 codd.
1332 2811 1432 2854 edd.
1480 2811 1735 2866 turpesque
1772 2823 1835 2855 m.

142 2867 172 2913 i.
203 2867 366 2914 hastas
397 2884 511 2915 corr.
544 2869 771 2914 Bar-thius
