2020 3106
220 113 263 157 X
725 110 1010 157 EDITORIS
1041 110 1403 157 PRAEFATIO.

371 231 515 287 Ood.
563 231 898 286 Gudianus
946 231 1019 285 54
1059 230 1182 303 (G2)
1228 233 1548 302 membran.,
1599 250 1632 285 a
1668 231 1914 300 pluribus

219 307 456 360 librariis
497 325 632 360 saec.
681 306 964 359 undecimo
1013 303 1110 378 (an
1149 305 1420 378 decimo?)
1468 308 1743 374 exaratus,
1790 324 1917 359 con-

219 381 360 434 tinet
399 380 511 434 foll.
555 381 659 434 162
699 378 807 450 (vel
845 380 1027 449 potius
1070 381 1198 450 163,
1245 399 1368 434 cum
1412 398 1667 434 numerus
1720 380 1792 433 20
1830 380 1916 433 bis

221 456 450 524 scriptus
499 454 595 525 sit)
634 453 935 522 Thebaida,
989 457 1043 507 et
1080 455 1149 508 ab
1203 455 1358 508 initio
1413 455 1662 508 mutilam
1711 471 1813 506 nec
1858 454 1918 505 in

218 529 374 582 libris
413 528 802 597 posterioribus
834 528 1129 598 integram,
1168 531 1223 581 et
1259 528 1386 581 inde
1426 548 1458 582 a
1482 529 1574 582 fol.
1602 527 1708 581 145
1732 527 1918 580 Achil-

219 603 386 672 leida‚
424 602 703 655 nonnullis
734 602 871 655 locis
903 621 1068 655 manu
1098 620 1234 656 saec.
1265 602 1567 656 duodecimi
1598 602 1918 670 suppletam.

219 676 435 730 Desunt
475 677 619 729 enim
659 695 691 728 a
739 695 904 729 manu
949 678 1126 746 prima
1170 695 1357 730 versus
1397 677 1425 730 I
1469 677 1588 730 106.
1639 677 1761 729 107.
1808 675 1916 729 529

220 751 418 804 -660.
462 751 584 804 753.
627 751 934 804 772-786.
985 751 1108 805 881.
1163 751 1286 804 882.
1336 750 1460 804 895.
1497 749 1554 803 Π
1600 750 1686 803 53.
1728 779 1794 788 -
1843 748 1919 802 Et

219 824 565 878 Parisinus
613 824 827 893 quidem
875 827 1038 894 atque
1085 823 1417 877 Gudianus
1462 827 1526 877 ut
1572 824 1757 877 eadem
1796 841 1918 893 pro-

219 899 528 969 pinquitate
577 917 698 952 cum
737 898 1066 952 Puteaneo
1115 898 1409 968 coniuncti,
1454 899 1533 951 ita
1569 899 1712 951 inter
1752 916 1809 951 se
1850 897 1918 950 si-

220 973 435 1026 millimi
475 990 591 1025 esse
623 972 759 1025 mihi
789 973 1053 1041 videntur,
1091 976 1154 1026 ut
1186 991 1250 1026 ex
1274 991 1383 1026 uno
1416 972 1709 1041 eodemque
1743 989 1915 1024 exem-

221 1048 312 1116 plo
360 1047 657 1115 descriptos
705 1064 800 1099 eos
847 1064 989 1115 esse,
1037 1046 1093 1100 id
1140 1047 1442 1116 exemplum
1490 1048 1672 1100 autem
1711 1048 1772 1098 ut
1810 1046 1918 1098 iam

220 1139 383 1190 supra
422 1120 530 1173 dixi
566 1138 819 1174 manasse
849 1121 1154 1190 putaverim
1193 1139 1259 1174 ex
1291 1120 1478 1174 eodem
1503 1119 1814 1190 archetypo,
1854 1138 1918 1172 ex

221 1213 326 1264 quo
368 1194 627 1248 deductus
668 1195 739 1247 sit
759 1202 819 1248 P.
869 1194 1011 1248 Illud
1045 1193 1261 1264 quidem
1293 1195 1595 1263 exemplum
1620 1212 1734 1248 non
1756 1194 1934 1263 plane'

220 1269 496 1338 integrum
531 1269 724 1335 fuisse,
772 1286 838 1321 ex
877 1287 939 1322 eo
980 1268 1118 1322 effici
1156 1271 1363 1337 potest,
1411 1268 1553 1338 quod
1591 1269 1650 1321 in
1686 1271 1917 1337 utroque

221 1343 402 1396 codice
443 1346 498 1396 et
535 1360 722 1396 versus
762 1342 1078 1396 529—660
1119 1341 1276 1414 (662)
1314 1342 1442 1396 libri
1480 1343 1640 1412 primi
1680 1361 1714 1395 a
1751 1360 1918 1395 manu

221 1418 391 1470 altera
430 1416 690 1486 adscripti
730 1419 869 1485 sunt,
906 1434 1008 1469 nec
1045 1417 1158 1469 ulla
1196 1417 1264 1470 ad
1305 1415 1604 1470 Achilleida
1633 1416 1916 1470 inveniun-

219 1494 310 1545 tur
349 1490 576 1560 scholia,
616 1508 751 1559 quae
792 1491 860 1544 ad
899 1490 1178 1544 Thebaida
1215 1491 1490 1544 uberrima
1529 1493 1758 1544 exstant.

369 1565 565 1617 Tribus
634 1564 742 1617 illis
813 1564 1006 1634 optimi
1075 1565 1288 1634 generis
1358 1564 1618 1634 exemplis
1696 1564 1918 1634 adiungi

220 1641 403 1708 potest
467 1638 595 1692 cod.
657 1637 997 1691 Leidensis
1065 1637 1250 1708 (Bibl.
1313 1638 1492 1692 Publ.
1546 1637 1679 1691 Lat.
1732 1637 1918 1691 XVIII

226 1713 330 1766 136
355 1711 429 1783 K)
462 1712 756 1765 membran.
780 1712 893 1766 foll.
924 1712 1053 1782 129,
1087 1730 1222 1765 saec.
1248 1712 1563 1766 duodecimo
1588 1712 1674 1766 vel
1695 1712 1916 1764 ineunte

220 1786 385 1840 tertio
440 1786 645 1839 decimo
702 1789 979 1853 exaratUS,
1050 1787 1108 1839 in
1154 1786 1400 1857 margine
1451 1786 1728 1839 nonnullis
1782 1786 1916 1839 locis

223 1880 255 1914 a
294 1879 461 1914 manu
500 1860 796 1913 recentiore
836 1862 1131 1930 correctuS‚
1172 1878 1330 1929 quem
1369 1861 1484 1929 ipse
1523 1860 1751 1929 contuli3
1793 1878 1915 1913 con-

220 1935 464 1987 tinentur
501 1934 762 1987 Achilleis
803 1934 921 2004 (fol.
965 1903 1259 2005 la—⁷14b)
1299 1937 1355 1987 et
1384 1934 1634 1988 Thebais,
1693 1934 1916 2003 Propin-

221 2008 426 2077 quitate
487 2008 633 2061 hunc
696 2026 818 2061 cum
878 2016 929 2061 A
991 2009 1337 2062 coniunctum
1399 2026 1544 2078 esse,
1607 2026 1671 2061 ea
1731 2026 1795 2061 ex
1856 2026 1915 2061 re

221 2081 454 2135 maxime
496 2081 746 2136 concludi
784 2085 979 2152 potest,
1020 2083 1163 2151 quod
1200 2083 1260 2135 in
1297 2082 1407 2135 illis
1448 2084 1680 2152 quatuor
1719 2082 1912 2136 codici-

219 2157 321 2209 bus
368 2157 505 2210 liber
550 2156 885 2210 Achilleidos
938 2156 1203 2210 secundus
1252 2174 1412 2210 versu
1462 2175 1526 2210 eo
1579 2156 1794 2209 demum
1832 2155 1914 2208 in-

221 2230 375 2299 cipit,
415 2230 509 2299 qui
547 2233 628 2283 est
665 2230 723 2283 in
759 2230 1040 2299 permultis
1079 2229 1216 2285 MSS
1265 2233 1319 2283 et
1365 2230 1615 2284 omnibus
1654 2230 1765 2283 fere
1805 2229 1913 2283 edi-

220 2304 460 2357 tionibus
499 2304 626 2356 libri
667 2304 887 2357 secundi
926 2304 1059 2359 287:

370 2377 556 2430 ‘Exuit
584 2377 907 2446 implicitum
944 2377 1184 2430 tenebris
1214 2378 1523 2431 umentibus
1557 2376 1777 2431 orbem'.

368 2452 451 2504 Ac
472 2459 517 2504 P
541 2450 758 2521 quidem
790 2453 844 2503 et
868 2450 1036 2503 Leid.
1070 2454 1254 2520 aperte
1286 2451 1486 2505 librum
1519 2451 1754 2520 primum
1787 2469 1911 2504 con-

220 2525 442 2578 cludunt
493 2525 866 2594 incipiuntque
920 2522 1288 2595 secundum4);
1343 2525 1402 2578 in
1446 2534 1532 2579 Pc
1580 2528 1636 2578 et
1683 2522 1756 2577 G2
1812 2524 1913 2578 etsi

338 2688 385 2742 4>
425 2684 613 2729 Vetusti
598 2684 762 2730 issima
793 2683 933 2729 Statii
979 2683 1056 2729 edi
1057 2684 1096 2729 ti
1079 2699 1140 2742 10,
1179 2685 1307 2742 typis
1349 2684 1583 2742 descripta
1617 2683 1830 2729 Venetiis
1870 2698 1912 2729 a

223 2746 359 2800 1508,
399 2757 519 2800 quae
559 2757 666 2788 cum
702 2744 820 2788 haec
859 2721 1140 2789 scribebam
1158 2744 1209 2788 in
1246 2759 1410 2789 manus
1448 2742 1676 2801 pervenit,
1716 2744 1913 2789 eandem

220 2779 445 2848 libroium
478 2802 853 2848 distributionem
883 2802 1039 2850 habet.

1997 0 2020 163 ἔ

2002 164 2020 192 f*

2004 193 2009 228 ί
2015 206 2020 214 ,.

2006 230 2020 357 1
