1976 3094
80 0 95 18 ι*
130 0 219 45 33³³&
228 0 461 56 pasxnxfjffr·
515 6 517 9 ·
534 5 537 12 ·

622 173 965 220 THEBAIDOS
996 174 1106 220 LIB.
1140 173 1195 219 11.
1695 172 1766 224 47

28 301 29 310 ’
77 297 217 352 Mira
257 296 504 370 equidem
543 297 701 352 duco:
743 298 818 351 sic
857 297 1063 368 primus
1106 296 1385 366 sanguinis
1426 299 1612 350 auctor

27 401 29 412 ι
75 372 381 444 Incestique
420 374 635 442 patrum
675 371 928 441 thalami3
969 371 1061 425 sed
1100 371 1246 424 fallit
1283 371 1463 441 origo:

74 445 372 516 Oedipodes
410 448 472 500 tu
514 446 661 500 solus
703 465 845 515 eras,
884 446 1017 499 haec
1056 445 1297 515 praemia
1336 463 1547 498 morum
1678 457 1766 499 465

74 520 156 575 Ac
195 516 436 586 sceleris,
474 520 732 590 violente,
773 520 935 574 feres!
975 538 1075 573 nos
1116 520 1387 588 poscimus
1427 537 1649 587 annum3

75 592 180 649 Sed
218 593 435 650 moror?
512 593 662 648 Haec
702 594 876 647 audax
917 594 1214 647 etiamnum
1255 594 1311 646 in
1351 593 1536 646 limine
1577 594 1720 663 regis

77 667 396 723 Vociferans
435 669 546 723 iam
585 672 715 723 tunc
756 669 994 738 impulsa
1034 687 1131 738 per
1170 669 1390 738 agmina
1428 686 1685 737 praeceps

78 741 292 799 Evolat.
369 742 582 797 Oeneae
622 743 818 796 vindex
860 744 937 796 sic
976 743 1068 796 ille
1108 742 1318 795 Dianae

73 816 300 872 Erectus
343 817 506 872 saetis
548 821 602 871 et
642 817 878 871 aduncae
918 817 1143 870 fulmine
1183 818 1378 884 malae,
1678 829 1767 870 470

63 890 210 947 -Cum
247 895 518 962 premeret
558 892 790 961 Pelopea
830 892 1091 960 phalanx,
1132 910 1262 944 saxa
1302 891 1463 944 obvia
1502 890 1725 944 volvens

71 963 370 1036 Fractaque
409 966 667 1036 perfossis
709 966 932 1019 arbusta
971 965 1235 1020 Acheloia
1274 965 1428 1034 ripis,

71 1038 189 1094 Iam
229 1039 524 1094 Telamona
564 1041 702 1110 solo,
742 1041 851 1093 iam
891 1043 1125 1093 stratum
1166 1040 1355 1093 Ixiona
1393 1040 1640 1108 linquens

73 1112 171 1184 Te,
209 1113 509 1184 Meleagro,
550 1114 720 1168 subit:
760 1115 862 1167 tibi
904 1115 1117 1168 demum
1159 1113 1377 1182 cuspide
1417 1114 1532 1167 lata

69 1186 265 1242 Haesit
304 1191 358 1242 et
397 1189 596 1243 obnixo
637 1190 838 1242 ferrum
879 1189 1086 1243 laxavit
1123 1189 1177 1241 in
1219 1206 1386 1242 armo,
1674 1201 1762 1242 476

68 1260 220 1316 Talis
262 1263 436 1316 adhuc
474 1263 745 1333 trepidum
785 1263 983 1333 linquit
1023 1262 1350 1332 Calydonius
1391 1262 1551 1315 heros

69 1332 371 1391 Concilium
411 1337 744 1407 infrendens,
782 1338 887 1406 ipsi
927 1356 1024 1391 ceu
1062 1354 1230 1407 regna
1269 1340 1557 1405 negentur,

66 1408 418 1482 Festinatque
458 1412 572 1466 vias
611 1430 930 1481 ramumque
971 1411 1242 1481 precantis
1283 1412 1456 1463 olivae

67 1482 265 1539 Abicit.
340 1486 624 1540 Attonitae
664 1488 931 1539 tectorum
974 1506 1002 1539 e
1043 1486 1276 1539 culmine
1319 1503 1528 1538 summo

66 1557 366 1629 Aspectant
403 1563 630 1630 matreS,
671 1578 938 1630 saevoque
979 1560 1200 1614 infanda
1238 1565 1526 1628 precantur
1673 1572 1760 1612 480

67 1631 305 1688 Oenidae
343 1636 618 1705 tacitoque
660 1635 820 1689 simul
861 1636 960 1687 sub
1000 1638 1216 1704 pectore
1257 1634 1390 1704 regi.

82 1767 100 1774 *v
141 1706 254 1761 Nec
291 1708 448 1779 piger
486 1709 705 1780 ingenio
748 1709 1008 1762 scelerum
1049 1709 1360 1778 fraudisque
1400 1707 1667 1762 nefandae

65 1779 267 1835 Rector
305 1787 444 1852 eget.
520 1782 779 1838 Iuvenum
820 1782 978 1853 fidos,
1017 1783 1315 1837 lectissima
1354 1782 1496 1835 bello

67 1853 330 1924 Corpora,
367 1874 511 1911 nunc
550 1859 750 1927 pretio,
789 1876 931 1911 nunc
971 1859 1063 1911 ille
1104 1857 1452 1911 hortantibus
1495 1856 1687 1909 ardens

71 1926 346 1982 Sollicitat
383 1930 564 2000 dictis,
601 1935 970 2001 nocturnaque
1010 1933 1217 2001 proelia
1258 1950 1449 1985 saevus
1669 1944 1757 1984 485

67 2001 320 2072 Instruit,
360 2006 414 2056 et
453 2008 699 2058 sanctum
738 2006 954 2074 populis
994 2025 1088 2075 per
1129 2007 1344 2059 saecula
1382 2024 1581 2059 nomen

67 2075 334 2147 Legatum
374 2077 583 2131 insidiis
622 2079 895 2148 tacitoque
935 2079 1184 2133 invadere
1223 2079 1367 2132 ferro

70 2148 235 2219 (Quid
275 2152 455 2222 regnis
495 2170 605 2205 non
643 2151 815 2223 vileP)
856 2154 1017 2222 cupit.
1081 2153 1225 2216 Quas
1267 2155 1551 2222 quaereret
1590 2156 1756 2222 arteS,

31 2282 33 2293 Ι
67 2222 125 2278 Si
163 2225 410 2294 fratrem,
449 2225 711 2296 Fortuna,
751 2226 927 2280 dares!
970 2226 1014 2280 O
1056 2245 1213 2280 caeca
1251 2229 1542 2281 nocentum

30 2298 33 2351 i
67 2295 332 2354 Consilia!
373 2318 403 2353 o
446 2319 656 2370 semper
694 2301 946 2354 timidum
989 2302 1182 2355 scelus!
1223 2301 1353 2354 Exit
1384 2301 1439 2353 in
1471 2320 1636 2354 unum
1669 2314 1756 2354 490

64 2371 230 2433 Plebs
269 2374 413 2428 ferro
453 2375 633 2429 iurata
673 2380 858 2445 caput3
900 2394 991 2428 ceu
1034 2380 1215 2430 castra
1253 2376 1434 2428 subire

179 2553 266 2595 463
298 2549 607 2606 Mirequidem
647 2550 874 2594 PB¹b¹G²
906 2566 980 2608 pr.
1020 2566 1077 2596 m.
1125 2536 1246 2595 Mire
1270 2554 1317 2607 <a
1340 2552 1399 2596 az.
1417 2552 1494 2606 m.)
1520 2550 1755 2606 quidems

61 2605 182 2653 Mira
212 2608 403 2665 quidem
431 2609 556 2652 B²G²
587 2624 667 2655 sec.
701 2625 757 2655 m.
790 2615 835 2653 Μ
864 2613 879 2668 ΙΙ
911 2615 997 2655 465
1031 2610 1285 2667 Oedipodis
1326 2613 1406 2667 (sc.
1437 2611 1579 2665 filius)
1612 2609 1752 2654 Iorti-

60 2680 149 2714 ηαδ
171 2670 302 2725 prob.
338 2670 563 2714 Muellero
599 2670 606 2726 Ι
641 2670 692 2714 tu
733 2669 859 2714 solus
892 2670 982 2715 eris
1014 2686 1040 2724 p
1064 2673 1079 2726 u
1103 2676 1189 2715 467
1218 2670 1344 2726 regis
1375 2674 1455 2712 PG
1486 2669 1592 2713 Αἶά.
1626 2670 1752 2712 retro

60 2727 376 2786 892111474
414 2728 503 2772 tibi
545 2730 676 2773 rud
715 2729 783 2773 ibi
821 2729 974 2773 Bam
1005 2733 1020 2786 ss
1052 2735 1139 2774 475
1185 2728 1386 2773 lassavit
1434 2729 1708 2783 Madviyius
1739 2728 1754 2765 ¹3

61 2788 146 2852 456
185 2785 357 2843 linquit
393 2792 460 2842 Pp
523 2787 665 2844 liquit
694 2791 928 2845 31111479
963 2802 987 2832 e
1021 2789 1223 2833 culmine
1270 2793 1316 2831 Μ
1377 2788 1425 2831 et
1472 2785 1673 2831 culmine
1717 2790 1751 2829 B

59 2856 109 2891 m
147 2845 347 2891 culmine
383 2851 426 2890 Η
487 2861 512 2891 e
552 2847 714 2892 limine
746 2852 779 2890 P
811 2861 835 2892 e
891 2847 1042 2892 limite
1099 2854 1134 2891 G
1179 2850 1194 2904 11
1236 2853 1322 2892 480
1369 2847 1631 2903 Aspectant
1675 2851 1752 2888 PG

61 2901 366 2962 Prospectant
419 2909 553 2952 ceteri
597 2910 611 2966 ΙΙ
659 2910 744 2952 488
778 2909 942 2967 queret
972 2913 1004 2950 P
