1976 3094
242 153 347 207 176
818 154 869 198 Ρ.
900 152 1133 198 PAPINII
1164 151 1358 197 STATII

117 286 210 328 900
241 273 399 332 Colla
437 278 597 331 simul
636 276 845 343 dextra,
882 273 1110 343 pedibus
1151 274 1313 332 simul
1351 275 1577 345 inguina
1611 276 1803 331 vinxit.
1841 290 1943 331 875

239 350 438 405 Deficit
476 353 728 405 obsessus
771 350 992 418 soloque
1032 348 1234 418 pudore
1272 354 1556 420 repugnat.
1842 379 1846 382 ·
1947 394 1950 415 ;

239 425 478 479 Tandem
516 427 704 495 pectus
744 423 898 477 humi
935 441 1270 492 pronamque
1310 426 1562 478 extensus
1605 425 1662 477 in
1701 426 1885 479 alvum

241 497 538 568 Sternitur,
578 518 639 553 ac
677 499 844 568 longo
884 500 1125 550 maestus
1164 500 1290 567 post
1327 500 1571 568 tempore
1612 500 1810 571 surgit,
1947 506 1952 569 ξ

241 573 445 643 Turpia
486 574 703 644 signata
739 572 988 641 linquens
1027 572 1262 641 vestigia
1300 574 1459 626 terra.

118 657 210 699 905
239 647 483 701 Palmam
525 651 706 701 autem
745 647 933 700 dextra
971 647 1232 716 laevaque
1270 646 1503 700 nitentia
1542 646 1681 701 dono
1843 661 1928 702 880

240 721 411 775 Arma
448 721 627 776 ferens
668 721 902 791 Tydeus:
944 719 1104 782 ‘Quid
1144 721 1191 774 si
1228 739 1341 774 non
1381 721 1660 791 sanguinis
1701 721 1861 775 huius

237 796 457 849 Partem
495 796 631 849 haut
672 796 923 867 exiguam
963 792 1164 866 (scitis)
1204 794 1462 849 Dircaeus
1501 795 1728 849 haberet
1949 843 1956 868 ε

240 868 498 940 Campus,
538 871 633 924 ubi
671 871 774 923 hae
813 886 986 939 nuper
1024 868 1337 923 Thebarum
1375 869 1594 923 foedera
1634 868 1892 940 plagae‘?'

238 943 388 998 Haec
430 946 592 997 simul
633 947 911 999 ostentans
951 943 1302 1013 quaesitaque
1340 944 1584 1012 praemia
1621 944 1841 998 laudum

121 1028 213 1070 910
243 1018 354 1072 Dat
393 1019 577 1089 sociis,
618 1018 863 1089 sequitur
900 1018 1180 1087 neglectus
1220 1017 1458 1090 Agyllea
1495 1018 1705 1072 thorax.
1843 1031 1929 1072 885

314 1091 452 1147 Sunt
492 1098 547 1147 et
586 1094 679 1163 qui
717 1092 859 1146 nudo
902 1093 1131 1146 subeant
1171 1110 1486 1146 concurrere
1524 1092 1685 1146 ferro.

238 1167 462 1238 Iamque
503 1167 729 1220 aderant
765 1167 1020 1220 instructi
1060 1167 1224 1220 armis
1264 1165 1594 1236 Epidaurius
1635 1166 1847 1237 Agreus

237 1241 312 1294 Et
350 1242 590 1295 nondum
630 1242 760 1294 fatis
800 1240 1062 1294 Dircaeus
1102 1241 1391 1310 agentibus
1432 1241 1570 1295 exul.

239 1313 363 1369 Dux
402 1319 554 1370 vetat
590 1315 820 1369 Iasides:
863 1313 1068 1368 ‘Manet
1105 1315 1298 1383 ingens
1339 1315 1496 1385 copia
1534 1315 1655 1385 leti,

116 1399 208 1442 915
239 1388 283 1443 Ο
324 1391 567 1444 iuvenes!
609 1392 820 1444 servate
862 1390 1071 1444 animos
1111 1389 1433 1461 avidumque
1472 1390 1710 1443 furorem
1843 1402 1930 1444 890
1966 1408 1970 1460 j

239 1462 532 1535 Sanguinis
575 1464 799 1518 adversi.
876 1463 1063 1533 Tuque
1103 1481 1158 1533 0,
1197 1482 1356 1534 quem
1387 1467 1610 1534 propter
1648 1464 1796 1518 avita

237 1537 457 1610 Iugera,
497 1539 720 1592 dilectas
761 1539 846 1592 cui
885 1538 1246 1592 desolavimus
1284 1539 1468 1607 urbeS‚

238 1611 344 1682 Ne,
384 1631 598 1682 precor,
642 1615 768 1666 ante
809 1612 980 1666 aciem
1018 1614 1102 1666 ius
1142 1616 1359 1666 tantum
1397 1612 1612 1666 casibus
1653 1630 1768 1666 esse

236 1685 625 1756 Fraternisque
665 1687 812 1739 sinas
855 1686 1105 1757 (abigant
1141 1687 1245 1740 hoc
1283 1687 1508 1740 numina
1520 1686 1555 1755 1)
1595 1685 1771 1740 votis.'
1938 1743 1939 1746 ,

116 1770 211 1814 920
243 1759 333 1814 Sic
372 1762 469 1830 ait,
511 1765 673 1830 atque
713 1762 901 1814 ambos
943 1763 1135 1814 aurata
1174 1761 1385 1814 casside
1426 1760 1578 1814 ditat.
1843 1773 1928 1815 895

240 1834 380 1887 Tum
419 1852 701 1905 generum,
741 1853 809 1888 ne
847 1834 1024 1887 laudis
1065 1851 1227 1904 egens
1239 1877 1254 1905 ,
1292 1836 1444 1889 iubet
1483 1834 1651 1888 ardua
1688 1835 1833 1889 necti

239 1907 511 1980 Tempora
550 1909 965 1978 Thebarumque
996 1909 1212 1979 ingenti
1250 1927 1381 1963 voce
1420 1908 1580 1963 citari

238 1982 540 2038 Victorem.
582 1984 730 2037 dirae
769 1983 1086 2037 recinebant
1125 1984 1311 2037 omina
1347 1983 1564 2037 Parcae.
1953 2008 1976 2045 τη

311 2057 499 2127 Ipsum
539 2058 706 2111 etiam
744 2058 968 2128 proprio
1008 2058 1306 2112 certamina
1344 2058 1486 2111 festa
1523 2057 1709 2111 labore
1952 2049 1976 2126 ἐξ

67 2179 69 2185 ,
113 2141 209 2186 925
239 2131 472 2204 Dignari
505 2136 560 2186 et
591 2133 802 2186 tumulo
831 2151 1143 2202 supremum
1165 2133 1309 2187 hunc
1333 2132 1525 2186 addere
1550 2132 1810 2185 honorem
1843 2145 1969 2187 900

237 2205 547 2260 Hortantur
585 2225 832 2276 proceres
875 2225 958 2275 ac,
996 2225 1065 2260 ne
1104 2206 1334 2261 victoria
1371 2208 1511 2260 desit

237 2279 363 2334 Una
402 2282 597 2334 ducum
636 2300 884 2351 numero,
923 2281 1118 2334 fundat
1155 2282 1243 2336 vel
1282 2280 1476 2351 Lyctia
1515 2299 1682 2334 cornu

238 2354 373 2408 Tela
411 2358 636 2425 rogant,
675 2356 825 2409 tenui
863 2356 948 2409 vel
987 2355 1175 2409 nubila
1211 2358 1455 2410 transeat
1492 2355 1667 2408 hasta

240 2426 574 2499 Obsequitur
613 2430 878 2514 gaudens,
918 2429 1181 2499 viridique
1222 2449 1286 2483 ex
1326 2446 1524 2501 aggere
1563 2430 1619 2482 in
1660 2447 1892 2499 aequum

120 2514 212 2557 930
242 2500 487 2573 Stipatus
530 2504 753 2557 summis
792 2504 1047 2557 iuvenum
1089 2505 1385 2576 descendit3
1426 2507 1483 2558 at
1519 2503 1600 2556 illi
1841 2515 1924 2557 905

356 2654 442 2695 886
482 2663 636 2695 versus
666 2651 719 2695 in
751 2654 785 2693 G
823 2663 917 2694 non
955 2655 1080 2695 extat
1109 2653 1124 2708 ΙΙ
1155 2656 1240 2696 892
1275 2650 1481 2696 delectas
1513 2655 1546 2693 P
1573 2651 1581 2707 Ι
1609 2649 1925 2694 desolabimus

235 2713 304 2752 PS
335 2710 349 2765 ΙΙ
382 2714 468 2756 894
510 2708 718 2754 abiciant
747 2714 779 2752 P
810 2711 825 2767 ss
857 2714 941 2755 896
981 2709 1099 2754 Tum
1129 2710 1265 2753 386²
1297 2711 1407 2756 Beh.
1443 2713 1601 2753 boni!
1639 2710 1765 2754 Dan.
1799 2709 1925 2753 Tunc

235 2773 320 2812 Pu
352 2771 449 2815 edd.
480 2772 486 2827 Ι
513 2783 739 2827 generum
760 2774 793 2812 P
825 2782 997 2827 genero
1022 2771 1155 2815 ceteri
1176 2772 1192 2827 ΙΙ
1215 2774 1300 2814 898
1333 2770 1583 2814 Rectorem
1608 2767 1920 2827 Peyraredusl

234 2827 511 2874 recinebant
533 2834 649 2872 PSB.
671 2828 940 2874 retinebant
963 2829 1118 2872 36²1
1147 2829 1426 2874 resecabant
1449 2833 1484 2872 G
1511 2831 1518 2886 Ι
1544 2842 1712 2886 parrae
1738 2829 1924 2873 Muelle-

235 2901 315 2934 rus
337 2890 353 2945 11
378 2893 462 2934 899
494 2888 621 2933 fessa
650 2895 683 2933 P
706 2891 720 2946 ΙΙ
745 2893 831 2935 900
862 2887 1056 2933 tumulis
1088 2894 1120 2931 P
1149 2890 1155 2946 Ι
1181 2887 1380 2948 honorssl
1403 2893 1438 2931 P
1459 2890 1475 2946 ΙΙ
1499 2893 1586 2934 904
1617 2902 1781 2933 aecum
1811 2892 1844 2931 P
