1976 3094
698 144 1040 191 THEBAIDOS
1071 145 1183 192 LIB.
1216 144 1294 192 VI.
1732 141 1840 199 165

151 266 239 323 Sic
278 267 372 322 ubi
409 267 705 339 tranquillo
745 267 1027 338 perlucent
1067 266 1246 322 sidera
1282 272 1451 338 ponto

149 341 516 412 Vibraturque
555 341 712 396 fretis
752 342 887 396 caeli
927 341 1198 396 stellantis
1238 342 1445 414 image,

33 426 118 470 <80
151 415 346 471 Omnia
383 416 530 471 clara
566 416 765 485 nitent,
805 416 899 470 sed
939 416 1136 469 clarior
1174 417 1360 470 omnia
1399 435 1564 488 supra

147 489 421 561 Hesperos
461 494 700 545 exsertat
738 490 944 560 radios,
985 493 1324 561 quantusque
1364 509 1461 561 per
1501 492 1672 545 altum

148 564 412 627 Aethera,
450 564 709 619 caeruleis
749 567 936 618 tantus
976 568 1312 619 monstratur
1350 566 1407 619 in
1447 566 1637 621 undis.⁸
1750 579 1839 621 560

146 637 432 694 Proximus
473 643 528 694 et
565 639 742 693 forma
781 656 879 694 nec
918 640 1149 693 multum
1190 640 1409 711 segnior
1447 640 1573 694 Idas

147 710 406 768 Cursibus
447 715 609 785 atque
649 732 781 768 aevo
819 715 972 767 iuxta
1011 714 1182 783 prior3
1223 718 1465 769 attamen
1506 715 1587 768 illi

39 795 117 842 585
147 787 264 843 Iam
301 791 518 843 tenuem
556 788 787 859 pingues
825 789 1013 843 florem
1052 788 1310 843 induxere
1349 790 1675 859 palaestrae,

147 862 505 933 Deserpitque
544 863 699 934 genis
737 881 836 917 nec
876 881 932 917 se
973 863 1175 934 lanugo
1215 863 1418 917 fatetur

146 935 404 991 Intonsae
445 938 545 991 sub
584 938 727 991 nube
768 955 965 992 comae.
1044 937 1195 991 Tunc
1235 938 1336 991 rite
1377 939 1575 993 citatos
1755 951 1843 994 665

146 1011 451 1082 Explorant
489 1014 792 1083 acuuntque
832 1012 1053 1082 graduS,
1094 1012 1376 1083 variasque
1415 1032 1511 1083 per
1550 1019 1698 1067 artes

0 1132 1 1141 ,
32 1145 34 1155 Α
146 1085 519 1140 Exstimulant
557 1086 716 1140 docto
756 1087 1073 1157 languentia
1113 1088 1356 1140 membra
1394 1087 1656 1141 tumultu:

0 1166 3 1231 j
41 1170 119 1214 390
151 1159 364 1230 Poplite
402 1178 545 1214 nunc
586 1161 768 1214 sidunt
807 1161 967 1227 flexo,
1005 1179 1148 1215 nunc
1189 1162 1398 1216 lubrica
1435 1163 1568 1216 forti

0 1234 3 1254 ³
152 1233 378 1289 Pectora
415 1235 700 1289 conlidunt
737 1235 954 1305 plausu,
993 1254 1136 1289 nunc
1176 1236 1338 1308 ignea
1376 1237 1583 1291 tollunt

151 1305 324 1363 Crura
361 1309 686 1379 brevemque
724 1309 910 1379 fugam
949 1309 1212 1379 necopino
1252 1311 1356 1363 fine
1395 1314 1678 1380 reponunt.
1755 1324 1843 1366 570

223 1382 303 1437 Ut
339 1383 450 1436 ruit
487 1387 649 1454 atque
689 1401 917 1453 aequum
958 1384 1210 1438 submisit
1248 1385 1438 1456 regula
1475 1386 1665 1455 limen,

153 1454 476 1526 Corripuere
515 1458 662 1511 leves
703 1458 965 1527 spatium,
1005 1477 1303 1529 campoque
1341 1459 1557 1513 refulsit

41 1542 122 1587 595
154 1530 316 1585 Nuda
354 1531 570 1586 cohors:
610 1533 853 1586 volucres
893 1533 1064 1586 isdem
1104 1534 1264 1587 modo
1304 1534 1511 1587 tardius
1552 1533 1695 1588 arvis

151 1604 267 1659 Isse
307 1605 558 1660 videntur
597 1607 741 1677 equi3
782 1606 967 1661 credas
1007 1626 1035 1660 e
1074 1608 1232 1677 plebe
1273 1606 1560 1678 Cydonum

149 1679 582 1751 Parthorumque
621 1680 754 1751 fuga
793 1681 1022 1734 totidem
1063 1683 1345 1736 exsiluisse
1386 1684 1635 1755 sagittas.
1757 1697 1843 1738 575

151 1752 278 1808 Non
318 1755 475 1809 aliter
513 1756 714 1810 celeres
754 1754 1014 1825 Hyrcana
1052 1775 1149 1826 per
1190 1758 1310 1811 avia
1350 1759 1517 1827 cervi,

63 1847 73 1901 ζ
152 1826 287 1883 Cum
327 1830 517 1899 procul
555 1830 760 1899 inpasti
799 1830 1076 1884 fremitum
1117 1849 1366 1901 accepere
1407 1833 1583 1886 leonis

42 1910 124 1959 500
157 1900 281 1957 Sive
319 1906 540 1974 putant,
577 1903 722 1973 rapit
761 1905 1025 1959 attonitos
1065 1906 1198 1975 fuga
1237 1925 1398 1960 caeca
1435 1910 1717 1977 metusque

151 1975 487 2049 Congregat,
527 1980 582 2031 et
618 1978 845 2048 longum
884 1978 1015 2032 dant
1053 1998 1254 2034 cornua
1293 1981 1468 2034 mixta
1505 1981 1793 2053 fragorem.

150 2051 362 2123 Effugit
399 2052 487 2105 hic
528 2052 712 2106 oculos
751 2052 940 2122 rapida
977 2072 1112 2122 puer
1150 2055 1297 2108 ocior
1338 2074 1471 2108 aura
1755 2070 1842 2111 580

151 2124 475 2195 Maenalius,
515 2144 676 2196 quem
714 2126 902 2180 deinde
942 2128 1112 2196 gradu
1154 2129 1354 2198 premit
1392 2129 1643 2182 horridus
1683 2129 1807 2184 Idas

151 2200 496 2270 Inspiratque
535 2219 742 2271 umero,
781 2201 1020 2271 flatuque
1061 2204 1114 2255 et
1151 2203 1386 2273 pectoris
1426 2204 1621 2257 umbra

43 2283 122 2329 305
155 2273 333 2345 Terga
370 2275 581 2345 premit.
659 2275 794 2329 Post
834 2276 1089 2346 ambiguo
1131 2277 1441 2331 discrimine
1479 2278 1710 2332 tendunt

152 2347 480 2402 Phaedimus
521 2352 681 2419 atque
721 2348 948 2419 DymaS‚
987 2352 1096 2404 illis
1138 2351 1279 2405 celer
1317 2352 1565 2406 imminet
1603 2354 1795 2408 Alcon.

151 2423 351 2477 Flavus
393 2423 460 2477 ab
500 2423 718 2477 intonso
757 2424 1029 2493 pendebat
1067 2426 1267 2479 vertice
1307 2426 1470 2480 crinis
1756 2441 1841 2482 585

273 2573 356 2614 585
376 2583 442 2625 sq.
471 2569 520 2613 ‘a
542 2569 715 2614 vertice
735 2597 789 2603 —
809 2570 1036 2616 Arcados’
1067 2572 1236 2616 schol.
1255 2571 1398 2617 Theb.
1422 2571 1481 2615 VI
1506 2578 1591 2618 603
1616 2589 1661 2631 p.
1688 2578 1775 2618 223
1792 2573 1842 2620 L.

271 2708 356 2748 557
399 2702 625 2747 stillantis
657 2709 690 2746 P
721 2707 736 2761 ss
768 2709 854 2750 559
893 2706 1100 2749 exsertat
1132 2705 1412 2750 Schraderus
1452 2707 1636 2749 exercet
1667 2707 1794 2751 codd.

152 2765 241 2808 667
277 2761 582 2808 Instimulant
605 2763 715 2806 (3²11
739 2766 753 2822 ΙΙ
777 2768 862 2808 573
893 2764 1079 2809 hisdem
1101 2769 1213 2807 Pb’r
1236 2767 1252 2821 ss
1276 2770 1360 2809 577
1400 2765 1491 2809 Seu
1522 2766 1590 2810 vel
1622 2765 1671 2810 Si
1700 2766 1841 2811 Bent-

153 2821 266 2867 hius
291 2826 299 2877 1
325 2821 504 2880 inpasti
527 2827 605 2865 PG
636 2821 802 2867 infasti
833 2823 890 2866 (3²
920 2823 1118 2869 infausti
1141 2828 1229 2867 ΒΜ
1261 2823 1421 2868 infesti
1455 2827 1498 2881 (e
1530 2839 1585 2870 ex
1618 2838 1678 2869 au
1709 2828 1842 2882 corr.)

135 2882 179 2924 >b
201 2881 219 2938 u
240 2885 326 2927 582
356 2881 659 2940 Insperatque
689 2887 722 2925 P
