<?xml version="1.0" encoding="UTF-8"?>
<!DOCTYPE html PUBLIC "-//W3C//DTD XHTML 1.0 Transitional//EN"
    "http://www.w3.org/TR/xhtml1/DTD/xhtml1-transitional.dtd">
<html xmlns="http://www.w3.org/1999/xhtml" xml:lang="en" lang="en">
 <head>
  <title>
</title>
<meta http-equiv="Content-Type" content="text/html;charset=utf-8" />
  <meta name='ocr-system' content='tesseract 3.04.00' />
  <meta name='ocr-capabilities' content='ocr_page ocr_carea ocr_par ocr_line ocrx_word'/>
</head>
<body>
  <div class='ocr_page' id='page_1' title='image "./operapapinius12statuoft_0154.png"; bbox 0 0 1988 3106; ppageno 0'>
   <div class='ocr_carea' id='block_1_1' title="bbox 186 115 1334 205">
    <p class='ocr_par' dir='ltr' id='par_1_1' title="bbox 186 115 1334 205">
     <span class='ocr_line' id='line_1_1' title="bbox 186 115 1334 205; baseline -0.009 0"><span class='ocrx_word' id='word_1_1' title='bbox 186 153 289 205; x_wconf 80' lang='grc'>128</span> <span class='ocrx_word' id='word_1_2' title='bbox 791 152 841 196; x_wconf 90' lang='grc' dir='ltr'>Ρ.</span> <span class='ocrx_word' id='word_1_3' title='bbox 872 115 1102 197; x_wconf 79' lang='lat' dir='ltr'>PAPINII</span> <span class='ocrx_word' id='word_1_4' title='bbox 1134 150 1334 196; x_wconf 86' lang='lat' dir='ltr'>STATII</span> 
     </span>
    </p>
   </div>
   <div class='ocr_carea' id='block_1_2' title="bbox 182 269 1923 1585">
    <p class='ocr_par' dir='ltr' id='par_1_2' title="bbox 182 269 1483 340">
     <span class='ocr_line' id='line_1_2' title="bbox 182 269 1483 340; baseline -0.002 -15"><span class='ocrx_word' id='word_1_5' title='bbox 182 271 364 326; x_wconf 91' lang='lat' dir='ltr'>Unum</span> <span class='ocrx_word' id='word_1_6' title='bbox 402 272 617 325; x_wconf 90' lang='lat' dir='ltr'>secretis</span> <span class='ocrx_word' id='word_1_7' title='bbox 657 272 861 340; x_wconf 87' lang='lat' dir='ltr'>agitare</span> <span class='ocrx_word' id='word_1_8' title='bbox 901 270 1000 322; x_wconf 92' lang='lat' dir='ltr'>sub</span> <span class='ocrx_word' id='word_1_9' title='bbox 1039 269 1248 322; x_wconf 88' lang='lat' dir='ltr'>ossibus</span> <span class='ocrx_word' id='word_1_10' title='bbox 1285 270 1483 340; x_wconf 85' lang='lat' dir='ltr'>ignem.</span> 
     </span>
    </p>

    <p class='ocr_par' dir='ltr' id='par_1_3' title="bbox 183 344 1567 487">
     <span class='ocr_line' id='line_1_3' title="bbox 183 344 1567 413; baseline -0.001 -15"><span class='ocrx_word' id='word_1_11' title='bbox 183 345 347 399; x_wconf 92' lang='lat' dir='ltr'>Illum</span> <span class='ocrx_word' id='word_1_12' title='bbox 384 363 482 398; x_wconf 88' lang='lat' dir='ltr'>nec</span> <span class='ocrx_word' id='word_1_13' title='bbox 518 345 785 413; x_wconf 87' lang='lat' dir='ltr'>Phrygius</span> <span class='ocrx_word' id='word_1_14' title='bbox 824 344 1071 395; x_wconf 87' lang='lat' dir='ltr'>uitiasset</span> <span class='ocrx_word' id='word_1_15' title='bbox 1106 346 1294 411; x_wconf 89' lang='lat' dir='ltr'>raptor</span> <span class='ocrx_word' id='word_1_16' title='bbox 1330 361 1567 396; x_wconf 92' lang='lat' dir='ltr'>amorem</span> 
     </span>
     <span class='ocr_line' id='line_1_4' title="bbox 183 416 1487 487; baseline -0.003 -15"><span class='ocrx_word' id='word_1_17' title='bbox 183 419 484 472; x_wconf 89' lang='lat' dir='ltr'>Dulichiiue</span> <span class='ocrx_word' id='word_1_18' title='bbox 521 418 669 487; x_wconf 85' lang='lat' dir='ltr'>proci</span> <span class='ocrx_word' id='word_1_19' title='bbox 705 434 803 470; x_wconf 87' lang='lat' dir='ltr'>nec</span> <span class='ocrx_word' id='word_1_20' title='bbox 842 418 935 485; x_wconf 92' lang='lat' dir='ltr'>qui</span> <span class='ocrx_word' id='word_1_21' title='bbox 970 416 1237 469; x_wconf 85' lang='lat' dir='ltr'>fraternus</span> <span class='ocrx_word' id='word_1_22' title='bbox 1277 416 1487 469; x_wconf 90' lang='lat' dir='ltr'>adulter</span> 
     </span>
    </p>

    <p class='ocr_par' dir='ltr' id='par_1_4' title="bbox 185 489 1354 560">
     <span class='ocr_line' id='line_1_5' title="bbox 185 489 1354 560; baseline -0.003 -15"><span class='ocrx_word' id='word_1_23' title='bbox 185 492 346 545; x_wconf 84' lang='lat' dir='ltr'>Casta</span> <span class='ocrx_word' id='word_1_24' title='bbox 383 492 671 560; x_wconf 86' lang='lat' dir='ltr'>Mycenaeo</span> <span class='ocrx_word' id='word_1_25' title='bbox 711 490 939 543; x_wconf 90' lang='lat' dir='ltr'>conubia</span> <span class='ocrx_word' id='word_1_26' title='bbox 975 489 1173 558; x_wconf 90' lang='lat' dir='ltr'>polluit</span> <span class='ocrx_word' id='word_1_27' title='bbox 1210 507 1354 542; x_wconf 86' lang='lat' dir='ltr'>auro.</span> 
     </span>
    </p>

    <p class='ocr_par' dir='ltr' id='par_1_5' title="bbox 183 562 1735 780">
     <span class='ocr_line' id='line_1_6' title="bbox 186 562 1552 633; baseline -0.002 -15"><span class='ocrx_word' id='word_1_28' title='bbox 186 565 242 618; x_wconf 81' lang='lat' dir='ltr'>Si</span> <span class='ocrx_word' id='word_1_29' title='bbox 279 565 590 633; x_wconf 84' lang='lat' dir='ltr'>Babylonos</span> <span class='ocrx_word' id='word_1_30' title='bbox 630 564 774 633; x_wconf 81' lang='lat' dir='ltr'>opeS‚</span> <span class='ocrx_word' id='word_1_31' title='bbox 811 563 992 631; x_wconf 84' lang='lat' dir='ltr'>Lydae</span> <span class='ocrx_word' id='word_1_32' title='bbox 1032 564 1078 616; x_wconf 89' lang='lat' dir='ltr'>si</span> <span class='ocrx_word' id='word_1_33' title='bbox 1114 562 1352 631; x_wconf 89' lang='lat' dir='ltr'>pondera</span> <span class='ocrx_word' id='word_1_34' title='bbox 1391 579 1552 632; x_wconf 89' lang='lat' dir='ltr'>gazae</span> 
     </span>
     <span class='ocr_line' id='line_1_7' title="bbox 183 635 1735 708; baseline -0.001 -17"><span class='ocrx_word' id='word_1_35' title='bbox 183 639 546 708; x_wconf 83' lang='lat' dir='ltr'>Indorumque</span> <span class='ocrx_word' id='word_1_36' title='bbox 585 637 738 690; x_wconf 90' lang='lat' dir='ltr'>dares</span> <span class='ocrx_word' id='word_1_37' title='bbox 779 635 1071 705; x_wconf 78' lang='lat' dir='ltr'>Serumque</span> <span class='ocrx_word' id='word_1_38' title='bbox 1108 636 1453 705; x_wconf 86' lang='lat' dir='ltr'>Arabumque</span> <span class='ocrx_word' id='word_1_39' title='bbox 1489 639 1735 704; x_wconf 86' lang='lat' dir='ltr'>potentes</span> 
     </span>
     <span class='ocr_line' id='line_1_8' title="bbox 184 709 1405 780; baseline -0.002 -16"><span class='ocrx_word' id='word_1_40' title='bbox 184 712 436 780; x_wconf 82' lang='lat' dir='ltr'>Diuitias,</span> <span class='ocrx_word' id='word_1_41' title='bbox 474 711 659 763; x_wconf 90' lang='lat' dir='ltr'>mallet</span> <span class='ocrx_word' id='word_1_42' title='bbox 696 728 817 763; x_wconf 88' lang='lat' dir='ltr'>cum</span> <span class='ocrx_word' id='word_1_43' title='bbox 854 712 1171 778; x_wconf 88' lang='lat' dir='ltr'>paupertate</span> <span class='ocrx_word' id='word_1_44' title='bbox 1209 709 1405 778; x_wconf 88' lang='lat' dir='ltr'>pudica</span> 
     </span>
    </p>

    <p class='ocr_par' dir='ltr' id='par_1_6' title="bbox 185 782 1554 852">
     <span class='ocr_line' id='line_1_9' title="bbox 185 782 1554 852; baseline -0.002 -15"><span class='ocrx_word' id='word_1_45' title='bbox 185 784 510 837; x_wconf 87' lang='lat' dir='ltr'>Intemerata</span> <span class='ocrx_word' id='word_1_46' title='bbox 548 784 686 837; x_wconf 91' lang='lat' dir='ltr'>mori</span> <span class='ocrx_word' id='word_1_47' title='bbox 724 784 998 852; x_wconf 89' lang='lat' dir='ltr'>uitamque</span> <span class='ocrx_word' id='word_1_48' title='bbox 1034 783 1322 850; x_wconf 86' lang='lat' dir='ltr'>rependere</span> <span class='ocrx_word' id='word_1_49' title='bbox 1360 782 1554 835; x_wconf 86' lang='lat' dir='ltr'>famae.</span> 
     </span>
    </p>

    <p class='ocr_par' dir='ltr' id='par_1_7' title="bbox 186 856 1864 999">
     <span class='ocr_line' id='line_1_10' title="bbox 186 856 1864 926; baseline -0.001 -15"><span class='ocrx_word' id='word_1_50' title='bbox 186 857 301 911; x_wconf 89' lang='lat' dir='ltr'>Nec</span> <span class='ocrx_word' id='word_1_51' title='bbox 337 858 489 911; x_wconf 89' lang='lat' dir='ltr'>frons</span> <span class='ocrx_word' id='word_1_52' title='bbox 527 858 684 909; x_wconf 88' lang='lat' dir='ltr'>triste</span> <span class='ocrx_word' id='word_1_53' title='bbox 722 856 901 926; x_wconf 84' lang='lat' dir='ltr'>rigens</span> <span class='ocrx_word' id='word_1_54' title='bbox 941 856 1245 925; x_wconf 90' lang='lat' dir='ltr'>nimiusque</span> <span class='ocrx_word' id='word_1_55' title='bbox 1284 856 1343 908; x_wconf 91' lang='lat' dir='ltr'>in</span> <span class='ocrx_word' id='word_1_56' title='bbox 1382 856 1620 908; x_wconf 91' lang='lat' dir='ltr'>moribus</span> <span class='ocrx_word' id='word_1_57' title='bbox 1658 857 1864 926; x_wconf 86' lang='lat' dir='ltr'>horror,</span> 
     </span>
     <span class='ocr_line' id='line_1_11' title="bbox 187 929 1579 999; baseline -0.002 -15"><span class='ocrx_word' id='word_1_58' title='bbox 187 931 290 984; x_wconf 82' lang='lat' dir='ltr'>Sed</span> <span class='ocrx_word' id='word_1_59' title='bbox 329 932 553 999; x_wconf 85' lang='lat' dir='ltr'>simplex</span> <span class='ocrx_word' id='word_1_60' title='bbox 590 931 882 998; x_wconf 89' lang='lat' dir='ltr'>hilarisque</span> <span class='ocrx_word' id='word_1_61' title='bbox 918 929 1049 982; x_wconf 89' lang='lat' dir='ltr'>fides</span> <span class='ocrx_word' id='word_1_62' title='bbox 1088 932 1143 982; x_wconf 91' lang='lat' dir='ltr'>et</span> <span class='ocrx_word' id='word_1_63' title='bbox 1180 929 1350 981; x_wconf 86' lang='lat' dir='ltr'>mixta</span> <span class='ocrx_word' id='word_1_64' title='bbox 1386 929 1579 998; x_wconf 90' lang='lat' dir='ltr'>pudori</span> 
     </span>
    </p>

    <p class='ocr_par' dir='ltr' id='par_1_8' title="bbox 184 1003 1923 1585">
     <span class='ocr_line' id='line_1_12' title="bbox 188 1003 1766 1073; baseline -0.002 -15"><span class='ocrx_word' id='word_1_65' title='bbox 188 1005 393 1058; x_wconf 83' lang='lat' dir='ltr'>Gratia.</span> <span class='ocrx_word' id='word_1_66' title='bbox 455 1004 597 1073; x_wconf 92' lang='lat' dir='ltr'>quod</span> <span class='ocrx_word' id='word_1_67' title='bbox 636 1004 682 1055; x_wconf 91' lang='lat' dir='ltr'>si</span> <span class='ocrx_word' id='word_1_68' title='bbox 721 1020 915 1071; x_wconf 82' lang='lat' dir='ltr'>anceps</span> <span class='ocrx_word' id='word_1_69' title='bbox 953 1006 1128 1055; x_wconf 88' lang='lat' dir='ltr'>metus</span> <span class='ocrx_word' id='word_1_70' title='bbox 1166 1003 1226 1054; x_wconf 91' lang='lat' dir='ltr'>in</span> <span class='ocrx_word' id='word_1_71' title='bbox 1262 1003 1470 1056; x_wconf 89' lang='lat' dir='ltr'>maiora</span> <span class='ocrx_word' id='word_1_72' title='bbox 1505 1007 1766 1071; x_wconf 85' lang='lat' dir='ltr'>uocasset,</span> 
     </span>
     <span class='ocr_line' id='line_1_13' title="bbox 184 1076 1598 1145; baseline -0.002 -15"><span class='ocrx_word' id='word_1_73' title='bbox 184 1078 287 1130; x_wconf 88' lang='lat' dir='ltr'>Illa</span> <span class='ocrx_word' id='word_1_74' title='bbox 324 1076 414 1130; x_wconf 93' lang='lat' dir='ltr'>uel</span> <span class='ocrx_word' id='word_1_75' title='bbox 452 1077 727 1130; x_wconf 87' lang='lat' dir='ltr'>armiferas</span> <span class='ocrx_word' id='word_1_76' title='bbox 765 1094 863 1145; x_wconf 90' lang='lat' dir='ltr'>pro</span> <span class='ocrx_word' id='word_1_77' title='bbox 904 1076 1129 1145; x_wconf 89' lang='lat' dir='ltr'>coniuge</span> <span class='ocrx_word' id='word_1_78' title='bbox 1167 1076 1313 1128; x_wconf 91' lang='lat' dir='ltr'>laeta</span> <span class='ocrx_word' id='word_1_79' title='bbox 1352 1079 1598 1128; x_wconf 86' lang='lat' dir='ltr'>cateruas</span> 
     </span>
     <span class='ocr_line' id='line_1_14' title="bbox 185 1149 1565 1219; baseline -0.003 -15"><span class='ocrx_word' id='word_1_80' title='bbox 185 1151 600 1219; x_wconf 83' lang='lat' dir='ltr'>Fulmineosque</span> <span class='ocrx_word' id='word_1_81' title='bbox 636 1151 788 1219; x_wconf 86' lang='lat' dir='ltr'>ignes</span> <span class='ocrx_word' id='word_1_82' title='bbox 833 1149 1096 1218; x_wconf 85' lang='lat' dir='ltr'>mediique</span> <span class='ocrx_word' id='word_1_83' title='bbox 1134 1149 1372 1218; x_wconf 89' lang='lat' dir='ltr'>pericula</span> <span class='ocrx_word' id='word_1_84' title='bbox 1410 1150 1565 1217; x_wconf 90' lang='lat' dir='ltr'>ponti</span> 
     </span>
     <span class='ocr_line' id='line_1_15' title="bbox 185 1222 1688 1293; baseline -0.002 -16"><span class='ocrx_word' id='word_1_85' title='bbox 185 1225 484 1293; x_wconf 76' lang='lat' dir='ltr'>Exciperet.</span> <span class='ocrx_word' id='word_1_86' title='bbox 543 1224 750 1292; x_wconf 80' lang='lat' dir='ltr'>meliuS,</span> <span class='ocrx_word' id='word_1_87' title='bbox 787 1222 930 1291; x_wconf 91' lang='lat' dir='ltr'>quod</span> <span class='ocrx_word' id='word_1_88' title='bbox 967 1240 1079 1275; x_wconf 88' lang='lat' dir='ltr'>non</span> <span class='ocrx_word' id='word_1_89' title='bbox 1117 1222 1344 1275; x_wconf 90' lang='lat' dir='ltr'>aduersa</span> <span class='ocrx_word' id='word_1_90' title='bbox 1379 1222 1688 1291; x_wconf 71' lang='lat' dir='ltr'>probarunt,</span> 
     </span>
     <span class='ocr_line' id='line_1_16' title="bbox 188 1295 1923 1365; baseline -0.001 -15"><span class='ocrx_word' id='word_1_91' title='bbox 188 1298 333 1359; x_wconf 85' lang='lat' dir='ltr'>Quae</span> <span class='ocrx_word' id='word_1_92' title='bbox 371 1297 472 1350; x_wconf 92' lang='lat' dir='ltr'>tibi</span> <span class='ocrx_word' id='word_1_93' title='bbox 510 1315 637 1349; x_wconf 88' lang='lat' dir='ltr'>cura</span> <span class='ocrx_word' id='word_1_94' title='bbox 672 1296 795 1364; x_wconf 84' lang='lat' dir='ltr'>tori,</span> <span class='ocrx_word' id='word_1_95' title='bbox 834 1298 1067 1365; x_wconf 89' lang='lat' dir='ltr'>quantus</span> <span class='ocrx_word' id='word_1_96' title='bbox 1105 1314 1204 1363; x_wconf 90' lang='lat' dir='ltr'>pro</span> <span class='ocrx_word' id='word_1_97' title='bbox 1242 1296 1469 1364; x_wconf 86' lang='lat' dir='ltr'>coniuge</span> <span class='ocrx_word' id='word_1_98' title='bbox 1507 1295 1706 1364; x_wconf 86' lang='lat' dir='ltr'>pallor!</span> <span class='ocrx_word' id='word_1_99' title='bbox 1869 1308 1923 1348; x_wconf 53' lang='lat'>17</span> 
     </span>
     <span class='ocr_line' id='line_1_17' title="bbox 188 1369 1461 1425; baseline -0.002 -1"><span class='ocrx_word' id='word_1_100' title='bbox 188 1370 292 1425; x_wconf 81' lang='lat' dir='ltr'>Sed</span> <span class='ocrx_word' id='word_1_101' title='bbox 329 1371 547 1423; x_wconf 92' lang='lat' dir='ltr'>meliore</span> <span class='ocrx_word' id='word_1_102' title='bbox 585 1370 676 1422; x_wconf 90' lang='lat' dir='ltr'>uia</span> <span class='ocrx_word' id='word_1_103' title='bbox 714 1369 930 1422; x_wconf 91' lang='lat' dir='ltr'>dextros</span> <span class='ocrx_word' id='word_1_104' title='bbox 968 1372 1065 1421; x_wconf 91' lang='lat' dir='ltr'>tua</span> <span class='ocrx_word' id='word_1_105' title='bbox 1102 1371 1233 1422; x_wconf 91' lang='lat' dir='ltr'>uota</span> <span class='ocrx_word' id='word_1_106' title='bbox 1269 1369 1461 1422; x_wconf 90' lang='lat' dir='ltr'>marito</span> 
     </span>
     <span class='ocr_line' id='line_1_18' title="bbox 185 1442 1534 1511; baseline -0.003 -14"><span class='ocrx_word' id='word_1_107' title='bbox 185 1445 532 1498; x_wconf 90' lang='lat' dir='ltr'>Promeruere</span> <span class='ocrx_word' id='word_1_108' title='bbox 571 1443 713 1511; x_wconf 87' lang='lat' dir='ltr'>deos,</span> <span class='ocrx_word' id='word_1_109' title='bbox 752 1442 878 1495; x_wconf 93' lang='lat' dir='ltr'>dum</span> <span class='ocrx_word' id='word_1_110' title='bbox 916 1445 1073 1495; x_wconf 88' lang='lat' dir='ltr'>nocte</span> <span class='ocrx_word' id='word_1_111' title='bbox 1112 1442 1299 1510; x_wconf 91' lang='lat' dir='ltr'>dieque</span> <span class='ocrx_word' id='word_1_112' title='bbox 1338 1442 1534 1511; x_wconf 87' lang='lat' dir='ltr'>fatigas</span> 
     </span>
     <span class='ocr_line' id='line_1_19' title="bbox 185 1515 1592 1585; baseline -0.003 -14"><span class='ocrx_word' id='word_1_113' title='bbox 185 1517 439 1585; x_wconf 83' lang='lat' dir='ltr'>Numina,</span> <span class='ocrx_word' id='word_1_114' title='bbox 477 1517 604 1568; x_wconf 93' lang='lat' dir='ltr'>dum</span> <span class='ocrx_word' id='word_1_115' title='bbox 642 1516 844 1568; x_wconf 91' lang='lat' dir='ltr'>cunctis</span> <span class='ocrx_word' id='word_1_116' title='bbox 885 1516 1109 1584; x_wconf 86' lang='lat' dir='ltr'>supplex</span> <span class='ocrx_word' id='word_1_117' title='bbox 1146 1515 1447 1568; x_wconf 88' lang='lat' dir='ltr'>aduolueris</span> <span class='ocrx_word' id='word_1_118' title='bbox 1487 1515 1592 1567; x_wconf 90' lang='lat' dir='ltr'>aris</span> 
     </span>
    </p>
   </div>
   <div class='ocr_carea' id='block_1_3' title="bbox 1889 0 1988 1408">
    <p class='ocr_par' dir='ltr' id='par_1_9' title="bbox 1889 0 1988 1408">
     <span class='ocr_line' id='line_1_20' title="bbox 1889 0 1988 1408; baseline 0 -485"><span class='ocrx_word' id='word_1_119' title='bbox 1889 0 1988 1003; x_wconf 95' lang='lat' dir='ltr'>  </span> <span class='ocrx_word' id='word_1_120' title='bbox 1922 923 1988 1408; x_wconf 95' lang='lat' dir='ltr'>  </span> 
     </span>
    </p>
   </div>
   <div class='ocr_carea' id='block_1_4' title="bbox 1896 943 1942 994">
    <p class='ocr_par' dir='ltr' id='par_1_10' title="bbox 1896 943 1942 994">
     <span class='ocr_line' id='line_1_21' title="bbox 1896 943 1942 994; baseline 0 0"><span class='ocrx_word' id='word_1_121' title='bbox 1896 943 1922 983; x_wconf 85' lang='lat'>6</span> <span class='ocrx_word' id='word_1_122' title='bbox 1940 991 1942 994; x_wconf 88' lang='lat'>.</span> 
     </span>
    </p>
   </div>
   <div class='ocr_carea' id='block_1_5' title="bbox 168 1588 1813 2390">
    <p class='ocr_par' dir='ltr' id='par_1_11' title="bbox 185 1588 1557 1658">
     <span class='ocr_line' id='line_1_22' title="bbox 185 1588 1557 1658; baseline -0.002 -15"><span class='ocrx_word' id='word_1_123' title='bbox 185 1591 260 1643; x_wconf 87' lang='lat' dir='ltr'>Et</span> <span class='ocrx_word' id='word_1_124' title='bbox 297 1591 483 1642; x_wconf 92' lang='lat' dir='ltr'>mitem</span> <span class='ocrx_word' id='word_1_125' title='bbox 521 1589 739 1658; x_wconf 86' lang='lat' dir='ltr'>genium</span> <span class='ocrx_word' id='word_1_126' title='bbox 776 1588 979 1642; x_wconf 92' lang='lat' dir='ltr'>domini</span> <span class='ocrx_word' id='word_1_127' title='bbox 1014 1589 1311 1656; x_wconf 88' lang='lat' dir='ltr'>praesentis</span> <span class='ocrx_word' id='word_1_128' title='bbox 1351 1588 1557 1640; x_wconf 77' lang='lat' dir='ltr'>adoras,</span> 
     </span>
    </p>

    <p class='ocr_par' dir='ltr' id='par_1_12' title="bbox 185 1660 1556 1731">
     <span class='ocr_line' id='line_1_23' title="bbox 185 1660 1556 1731; baseline -0.001 -15"><span class='ocrx_word' id='word_1_129' title='bbox 185 1664 386 1716; x_wconf 89' lang='lat' dir='ltr'>Audita</span> <span class='ocrx_word' id='word_1_130' title='bbox 423 1681 495 1731; x_wconf 79' lang='lat' dir='ltr'>eS‚</span> <span class='ocrx_word' id='word_1_131' title='bbox 532 1663 784 1731; x_wconf 92' lang='lat' dir='ltr'>uenitque</span> <span class='ocrx_word' id='word_1_132' title='bbox 824 1661 993 1731; x_wconf 86' lang='lat' dir='ltr'>gradu</span> <span class='ocrx_word' id='word_1_133' title='bbox 1029 1660 1271 1714; x_wconf 77' lang='lat' dir='ltr'>Fortuna</span> <span class='ocrx_word' id='word_1_134' title='bbox 1308 1662 1556 1730; x_wconf 78' lang='lat' dir='ltr'>benigno,</span> 
     </span>
    </p>

    <p class='ocr_par' dir='ltr' id='par_1_13' title="bbox 184 1735 1601 1878">
     <span class='ocr_line' id='line_1_24' title="bbox 185 1735 1542 1806; baseline -0.003 -16"><span class='ocrx_word' id='word_1_135' title='bbox 185 1736 338 1790; x_wconf 91' lang='lat' dir='ltr'>Uidit</span> <span class='ocrx_word' id='word_1_136' title='bbox 377 1737 572 1806; x_wconf 88' lang='lat' dir='ltr'>quippe</span> <span class='ocrx_word' id='word_1_137' title='bbox 610 1736 687 1804; x_wconf 87' lang='lat' dir='ltr'>pii</span> <span class='ocrx_word' id='word_1_138' title='bbox 723 1735 931 1787; x_wconf 86' lang='lat' dir='ltr'>iuuenis</span> <span class='ocrx_word' id='word_1_139' title='bbox 968 1753 1271 1804; x_wconf 90' lang='lat' dir='ltr'>nauamque</span> <span class='ocrx_word' id='word_1_140' title='bbox 1310 1735 1542 1804; x_wconf 88' lang='lat' dir='ltr'>quietem</span> 
     </span>
     <span class='ocr_line' id='line_1_25' title="bbox 184 1808 1601 1878; baseline -0.002 -15"><span class='ocrx_word' id='word_1_141' title='bbox 184 1810 556 1878; x_wconf 88' lang='lat' dir='ltr'>Intactamque</span> <span class='ocrx_word' id='word_1_142' title='bbox 593 1809 752 1861; x_wconf 92' lang='lat' dir='ltr'>fidem</span> <span class='ocrx_word' id='word_1_143' title='bbox 791 1809 1164 1877; x_wconf 82' lang='lat' dir='ltr'>succinctaque</span> <span class='ocrx_word' id='word_1_144' title='bbox 1201 1811 1422 1876; x_wconf 87' lang='lat' dir='ltr'>pectora</span> <span class='ocrx_word' id='word_1_145' title='bbox 1461 1808 1601 1861; x_wconf 92' lang='lat' dir='ltr'>curis</span> 
     </span>
    </p>

    <p class='ocr_par' dir='ltr' id='par_1_14' title="bbox 168 1882 1514 1952">
     <span class='ocr_line' id='line_1_26' title="bbox 168 1882 1514 1952; baseline -0.004 -15"><span class='ocrx_word' id='word_1_146' title='bbox 168 1884 261 1939; x_wconf 85' lang='lat' dir='ltr'>,Et</span> <span class='ocrx_word' id='word_1_147' title='bbox 298 1883 489 1952; x_wconf 87' lang='lat' dir='ltr'>uigiles</span> <span class='ocrx_word' id='word_1_148' title='bbox 529 1899 716 1935; x_wconf 84' lang='lat' dir='ltr'>sensus</span> <span class='ocrx_word' id='word_1_149' title='bbox 755 1884 810 1934; x_wconf 92' lang='lat' dir='ltr'>et</span> <span class='ocrx_word' id='word_1_150' title='bbox 847 1882 1012 1950; x_wconf 86' lang='lat' dir='ltr'>digna</span> <span class='ocrx_word' id='word_1_151' title='bbox 1051 1882 1294 1934; x_wconf 91' lang='lat' dir='ltr'>euoluere</span> <span class='ocrx_word' id='word_1_152' title='bbox 1331 1884 1514 1935; x_wconf 87' lang='lat' dir='ltr'>tantas</span> 
     </span>
    </p>

    <p class='ocr_par' dir='ltr' id='par_1_15' title="bbox 188 1955 1585 2024">
     <span class='ocr_line' id='line_1_27' title="bbox 188 1955 1585 2024; baseline -0.003 -14"><span class='ocrx_word' id='word_1_153' title='bbox 188 1956 378 2010; x_wconf 82' lang='lat' dir='ltr'>Sobria</span> <span class='ocrx_word' id='word_1_154' title='bbox 416 1955 577 2009; x_wconf 89' lang='lat' dir='ltr'>corda</span> <span class='ocrx_word' id='word_1_155' title='bbox 614 1955 774 2024; x_wconf 77' lang='lat' dir='ltr'>uiceS,</span> <span class='ocrx_word' id='word_1_156' title='bbox 810 1955 968 2018; x_wconf 86' lang='lat' dir='ltr'>uidit,</span> <span class='ocrx_word' id='word_1_157' title='bbox 1010 1955 1101 2023; x_wconf 84' lang='lat' dir='ltr'>qui</span> <span class='ocrx_word' id='word_1_158' title='bbox 1139 1958 1332 2008; x_wconf 88' lang='lat' dir='ltr'>cuncta</span> <span class='ocrx_word' id='word_1_159' title='bbox 1369 1972 1585 2008; x_wconf 91' lang='lat' dir='ltr'>suorum</span> 
     </span>
    </p>

    <p class='ocr_par' dir='ltr' id='par_1_16' title="bbox 185 2028 1636 2098">
     <span class='ocr_line' id='line_1_28' title="bbox 185 2028 1636 2098; baseline -0.002 -15"><span class='ocrx_word' id='word_1_160' title='bbox 185 2030 237 2083; x_wconf 90' lang='grc' dir='ltr'>Ν</span> <span class='ocrx_word' id='word_1_161' title='bbox 241 2030 356 2083; x_wconf 92' lang='lat' dir='ltr'>ouit</span> <span class='ocrx_word' id='word_1_162' title='bbox 393 2032 447 2081; x_wconf 92' lang='lat' dir='ltr'>et</span> <span class='ocrx_word' id='word_1_163' title='bbox 483 2029 740 2098; x_wconf 88' lang='lat' dir='ltr'>inspectis</span> <span class='ocrx_word' id='word_1_164' title='bbox 780 2028 950 2080; x_wconf 90' lang='lat' dir='ltr'>ambit</span> <span class='ocrx_word' id='word_1_165' title='bbox 986 2028 1128 2080; x_wconf 90' lang='lat' dir='ltr'>latus</span> <span class='ocrx_word' id='word_1_166' title='bbox 1166 2046 1324 2080; x_wconf 90' lang='lat' dir='ltr'>omne</span> <span class='ocrx_word' id='word_1_167' title='bbox 1360 2028 1636 2080; x_wconf 63' lang='lat' dir='ltr'>ministris„</span> 
     </span>
    </p>

    <p class='ocr_par' dir='ltr' id='par_1_17' title="bbox 185 2101 1813 2390">
     <span class='ocr_line' id='line_1_29' title="bbox 187 2101 1799 2171; baseline -0.001 -16"><span class='ocrx_word' id='word_1_168' title='bbox 187 2102 300 2155; x_wconf 92' lang='lat' dir='ltr'>Nec</span> <span class='ocrx_word' id='word_1_169' title='bbox 339 2103 557 2154; x_wconf 89' lang='lat' dir='ltr'>mirum:</span> <span class='ocrx_word' id='word_1_170' title='bbox 596 2102 745 2154; x_wconf 89' lang='lat' dir='ltr'>uidet</span> <span class='ocrx_word' id='word_1_171' title='bbox 782 2102 872 2153; x_wconf 90' lang='lat' dir='ltr'>ille</span> <span class='ocrx_word' id='word_1_172' title='bbox 912 2104 1061 2154; x_wconf 90' lang='lat' dir='ltr'>ortus</span> <span class='ocrx_word' id='word_1_173' title='bbox 1102 2101 1400 2171; x_wconf 90' lang='lat' dir='ltr'>obitusque,</span> <span class='ocrx_word' id='word_1_174' title='bbox 1439 2101 1565 2170; x_wconf 92' lang='lat' dir='ltr'>quid</span> <span class='ocrx_word' id='word_1_175' title='bbox 1604 2104 1799 2166; x_wconf 84' lang='lat' dir='ltr'>auster,</span> 
     </span>
     <span class='ocr_line' id='line_1_30' title="bbox 187 2174 1602 2244; baseline -0.001 -16"><span class='ocrx_word' id='word_1_176' title='bbox 187 2175 326 2237; x_wconf 84' lang='lat' dir='ltr'>Quid</span> <span class='ocrx_word' id='word_1_177' title='bbox 365 2176 555 2229; x_wconf 89' lang='lat' dir='ltr'>boreas</span> <span class='ocrx_word' id='word_1_178' title='bbox 594 2176 847 2228; x_wconf 88' lang='lat' dir='ltr'>hibernus</span> <span class='ocrx_word' id='word_1_179' title='bbox 889 2178 1032 2244; x_wconf 83' lang='lat' dir='ltr'>agat,</span> <span class='ocrx_word' id='word_1_180' title='bbox 1067 2174 1301 2244; x_wconf 86' lang='lat' dir='ltr'>ferrique</span> <span class='ocrx_word' id='word_1_181' title='bbox 1339 2178 1602 2244; x_wconf 80' lang='lat' dir='ltr'>togaeque</span> 
     </span>
     <span class='ocr_line' id='line_1_31' title="bbox 187 2247 1778 2317; baseline -0.001 -15"><span class='ocrx_word' id='word_1_182' title='bbox 187 2248 423 2302; x_wconf 82' lang='lat' dir='ltr'>Consilia</span> <span class='ocrx_word' id='word_1_183' title='bbox 461 2251 621 2317; x_wconf 89' lang='lat' dir='ltr'>atque</span> <span class='ocrx_word' id='word_1_184' title='bbox 658 2249 833 2317; x_wconf 86' lang='lat' dir='ltr'>ipsam</span> <span class='ocrx_word' id='word_1_185' title='bbox 871 2250 1106 2300; x_wconf 88' lang='lat' dir='ltr'>mentem</span> <span class='ocrx_word' id='word_1_186' title='bbox 1144 2247 1354 2316; x_wconf 88' lang='lat' dir='ltr'>probat.</span> <span class='ocrx_word' id='word_1_187' title='bbox 1412 2249 1505 2300; x_wconf 89' lang='lat' dir='ltr'>ille</span> <span class='ocrx_word' id='word_1_188' title='bbox 1545 2248 1778 2300; x_wconf 88' lang='lat' dir='ltr'>subactis</span> 
     </span>
     <span class='ocr_line' id='line_1_32' title="bbox 185 2321 1813 2390; baseline -0.001 -16"><span class='ocrx_word' id='word_1_189' title='bbox 185 2322 389 2374; x_wconf 90' lang='lat' dir='ltr'>Molem</span> <span class='ocrx_word' id='word_1_190' title='bbox 427 2322 745 2374; x_wconf 87' lang='lat' dir='ltr'>immensam</span> <span class='ocrx_word' id='word_1_191' title='bbox 783 2321 1019 2374; x_wconf 88' lang='lat' dir='ltr'>humeris</span> <span class='ocrx_word' id='word_1_192' title='bbox 1060 2324 1117 2373; x_wconf 87' lang='lat' dir='ltr'>et</span> <span class='ocrx_word' id='word_1_193' title='bbox 1153 2321 1246 2373; x_wconf 94' lang='lat' dir='ltr'>uix</span> <span class='ocrx_word' id='word_1_194' title='bbox 1281 2321 1564 2374; x_wconf 85' lang='lat' dir='ltr'>tractabile</span> <span class='ocrx_word' id='word_1_195' title='bbox 1603 2321 1813 2390; x_wconf 88' lang='lat' dir='ltr'>pondus</span> 
     </span>
    </p>
   </div>
   <div class='ocr_carea' id='block_1_6' title="bbox 1899 1675 1923 1715">
    <p class='ocr_par' dir='ltr' id='par_1_18' title="bbox 1899 1675 1923 1715">
     <span class='ocr_line' id='line_1_33' title="bbox 1899 1675 1923 1715; textangle 90"><span class='ocrx_word' id='word_1_196' title='bbox 1899 1675 1923 1715; x_wconf 51' lang='grc' dir='ltr'>ᾳ]</span> 
     </span>
    </p>
   </div>
   <div class='ocr_carea' id='block_1_7' title="bbox 192 2463 543 2473">
    <p class='ocr_par' dir='ltr' id='par_1_19' title="bbox 192 2463 543 2473">
     <span class='ocr_line' id='line_1_34' title="bbox 192 2463 543 2473; baseline 0 633"><span class='ocrx_word' id='word_1_197' title='bbox 192 2463 543 2473; x_wconf 95' lang='lat' dir='ltr'> </span> 
     </span>
    </p>
   </div>
   <div class='ocr_carea' id='block_1_8' title="bbox 187 2544 1988 2901">
    <p class='ocr_par' dir='ltr' id='par_1_20' title="bbox 187 2544 1988 2901">
     <span class='ocr_line' id='line_1_35' title="bbox 306 2544 1988 2608; baseline -0.001 -11"><span class='ocrx_word' id='word_1_198' title='bbox 306 2558 362 2597; x_wconf 87' lang='grc'>64</span> <span class='ocrx_word' id='word_1_199' title='bbox 399 2553 449 2596; x_wconf 89' lang='lat' dir='ltr'>in</span> <span class='ocrx_word' id='word_1_200' title='bbox 480 2551 684 2595; x_wconf 82' lang='lat' dir='ltr'>moribus</span> <span class='ocrx_word' id='word_1_201' title='bbox 713 2555 771 2595; x_wconf 84' lang='lat' dir='ltr'>A:</span> <span class='ocrx_word' id='word_1_202' title='bbox 810 2551 1063 2595; x_wconf 87' lang='lat' dir='ltr'>minoribus</span> <span class='ocrx_word' id='word_1_203' title='bbox 1093 2553 1166 2595; x_wconf 76' lang='lat' dir='ltr'>uel</span> <span class='ocrx_word' id='word_1_204' title='bbox 1203 2551 1454 2596; x_wconf 83' lang='lat' dir='ltr'>maioribus</span> <span class='ocrx_word' id='word_1_205' title='bbox 1486 2556 1515 2593; x_wconf 78' lang='lat'><em>0</em></span> <span class='ocrx_word' id='word_1_206' title='bbox 1553 2553 1568 2608; x_wconf 86' lang='grc' dir='ltr'>ΙΙ</span> <span class='ocrx_word' id='word_1_207' title='bbox 1606 2557 1661 2597; x_wconf 88' lang='grc'>66</span> <span class='ocrx_word' id='word_1_208' title='bbox 1692 2552 1742 2596; x_wconf 89' lang='lat' dir='ltr'>in</span> <span class='ocrx_word' id='word_1_209' title='bbox 1769 2544 1988 2607; x_wconf 49' lang='lat' dir='ltr'>scrip-siff*</span> 
     </span>
     <span class='ocr_line' id='line_1_36' title="bbox 188 2611 1988 2666; baseline -0.002 -10"><span class='ocrx_word' id='word_1_210' title='bbox 188 2613 235 2656; x_wconf 83' lang='lat' dir='ltr'>et</span> <span class='ocrx_word' id='word_1_211' title='bbox 266 2616 294 2653; x_wconf 81' lang='lat' dir='ltr'>c</span> <span class='ocrx_word' id='word_1_212' title='bbox 326 2626 354 2654; x_wconf 75' lang='lat' dir='ltr'>a</span> <span class='ocrx_word' id='word_1_213' title='bbox 395 2611 455 2655; x_wconf 91' lang='lat' dir='ltr'>ad</span> <span class='ocrx_word' id='word_1_214' title='bbox 487 2614 516 2654; x_wconf 80' lang='grc' dir='ltr'><strong>ς</strong></span> <span class='ocrx_word' id='word_1_215' title='bbox 554 2615 558 2665; x_wconf 85' lang='grc' dir='ltr'>Ι</span> <span class='ocrx_word' id='word_1_216' title='bbox 594 2612 808 2655; x_wconf 82' lang='lat' dir='ltr'>uocasset</span> <span class='ocrx_word' id='word_1_217' title='bbox 840 2614 890 2654; x_wconf 71' lang='grc' dir='ltr'>ςε</span> <span class='ocrx_word' id='word_1_218' title='bbox 931 2611 1207 2654; x_wconf 81' lang='lat' dir='ltr'>uatasset.A</span> <span class='ocrx_word' id='word_1_219' title='bbox 1239 2613 1449 2655; x_wconf 88' lang='lat' dir='ltr'>uacasset</span> <span class='ocrx_word' id='word_1_220' title='bbox 1479 2614 1509 2652; x_wconf 78' lang='lat'><strong>0</strong></span> <span class='ocrx_word' id='word_1_221' title='bbox 1545 2612 1562 2666; x_wconf 80' lang='grc' dir='ltr'>ΙΙ</span> <span class='ocrx_word' id='word_1_222' title='bbox 1601 2615 1655 2655; x_wconf 83' lang='grc'>76</span> <span class='ocrx_word' id='word_1_223' title='bbox 1693 2614 1988 2666; x_wconf 55' lang='lat' dir='ltr'>nauamqueff</span> 
     </span>
     <span class='ocr_line' id='line_1_37' title="bbox 190 2658 1988 2726; baseline -0.002 -14"><span class='ocrx_word' id='word_1_224' title='bbox 190 2670 389 2714; x_wconf 80' lang='lat' dir='ltr'>Markl.:</span> <span class='ocrx_word' id='word_1_225' title='bbox 427 2683 687 2725; x_wconf 88' lang='lat' dir='ltr'>uanamque</span> <span class='ocrx_word' id='word_1_226' title='bbox 720 2673 749 2710; x_wconf 79' lang='lat'><strong>0</strong></span> <span class='ocrx_word' id='word_1_227' title='bbox 781 2684 808 2712; x_wconf 81' lang='lat' dir='ltr'>a</span> <span class='ocrx_word' id='word_1_228' title='bbox 845 2670 861 2724; x_wconf 85' lang='grc' dir='ltr'>ΙΙ</span> <span class='ocrx_word' id='word_1_229' title='bbox 899 2672 956 2712; x_wconf 89' lang='grc'>80</span> <span class='ocrx_word' id='word_1_230' title='bbox 987 2669 1154 2724; x_wconf 82' lang='lat' dir='ltr'>ambit3</span> <span class='ocrx_word' id='word_1_231' title='bbox 1188 2674 1305 2724; x_wconf 75' lang='lat' dir='ltr'>puto</span> <span class='ocrx_word' id='word_1_232' title='bbox 1345 2668 1492 2726; x_wconf 86' lang='lat' dir='ltr'>cingit</span> <span class='ocrx_word' id='word_1_233' title='bbox 1527 2669 1602 2712; x_wconf 78' lang='lat' dir='ltr'>uel</span> <span class='ocrx_word' id='word_1_234' title='bbox 1633 2668 1812 2714; x_wconf 89' lang='lat' dir='ltr'>claudit</span> <span class='ocrx_word' id='word_1_235' title='bbox 1844 2671 1860 2725; x_wconf 82' lang='grc' dir='ltr'>ΙΙ</span> <span class='ocrx_word' id='word_1_236' title='bbox 1898 2658 1988 2713; x_wconf 65' lang='grc' dir='ltr'>81ἑ4</span> 
     </span>
     <span class='ocr_line' id='line_1_38' title="bbox 189 2716 1988 2786; baseline -0.001 -15"><span class='ocrx_word' id='word_1_237' title='bbox 189 2730 344 2772; x_wconf 86' lang='lat' dir='ltr'>auster</span> <span class='ocrx_word' id='word_1_238' title='bbox 379 2732 430 2772; x_wconf 69' lang='grc' dir='ltr'>ςι</span> <span class='ocrx_word' id='word_1_239' title='bbox 473 2730 625 2772; x_wconf 87' lang='lat' dir='ltr'>arctos</span> <span class='ocrx_word' id='word_1_240' title='bbox 668 2731 706 2770; x_wconf 80' lang='lat' dir='ltr'>A</span> <span class='ocrx_word' id='word_1_241' title='bbox 739 2732 767 2769; x_wconf 84' lang='lat' dir='ltr'>c</span> <span class='ocrx_word' id='word_1_242' title='bbox 813 2729 829 2784; x_wconf 83' lang='grc' dir='ltr'>ΙΙ</span> <span class='ocrx_word' id='word_1_243' title='bbox 874 2730 930 2770; x_wconf 81' lang='lat'>82</span> <span class='ocrx_word' id='word_1_244' title='bbox 963 2728 1118 2771; x_wconf 78' lang='lat' dir='ltr'>malim</span> <span class='ocrx_word' id='word_1_245' title='bbox 1149 2727 1246 2771; x_wconf 87' lang='lat' dir='ltr'>alat</span> <span class='ocrx_word' id='word_1_246' title='bbox 1295 2730 1301 2783; x_wconf 72' lang='grc' dir='ltr'>Ι</span> <span class='ocrx_word' id='word_1_247' title='bbox 1350 2729 1581 2784; x_wconf 85' lang='lat' dir='ltr'>togaeque</span> <span class='ocrx_word' id='word_1_248' title='bbox 1604 2727 1758 2771; x_wconf 84' lang='lat' dir='ltr'>Dom.:</span> <span class='ocrx_word' id='word_1_249' title='bbox 1792 2716 1988 2786; x_wconf 49' lang='lat' dir='ltr'>rotagef</span> 
     </span>
     <span class='ocr_line' id='line_1_39' title="bbox 188 2785 1988 2844; baseline 0 -16"><span class='ocrx_word' id='word_1_250' title='bbox 188 2786 251 2829; x_wconf 76' lang='lat' dir='ltr'>A*</span> <span class='ocrx_word' id='word_1_251' title='bbox 283 2791 312 2828; x_wconf 81' lang='lat' dir='ltr'>c</span> <span class='ocrx_word' id='word_1_252' title='bbox 352 2786 363 2844; x_wconf 65' lang='grc' dir='ltr'>Η</span> <span class='ocrx_word' id='word_1_253' title='bbox 405 2790 459 2830; x_wconf 85' lang='grc'>83</span> <span class='ocrx_word' id='word_1_254' title='bbox 500 2786 705 2830; x_wconf 80' lang='lat' dir='ltr'>subactis</span> <span class='ocrx_word' id='word_1_255' title='bbox 744 2786 1004 2830; x_wconf 74' lang='lat' dir='ltr'>Auantius:</span> <span class='ocrx_word' id='word_1_256' title='bbox 1049 2785 1220 2830; x_wconf 86' lang='lat' dir='ltr'>iubatis</span> <span class='ocrx_word' id='word_1_257' title='bbox 1262 2790 1291 2828; x_wconf 82' lang='lat' dir='ltr'>c</span> <span class='ocrx_word' id='word_1_258' title='bbox 1331 2801 1358 2829; x_wconf 76' lang='lat' dir='ltr'>a</span> <span class='ocrx_word' id='word_1_259' title='bbox 1394 2787 1545 2830; x_wconf 86' lang='lat' dir='ltr'>beatis</span> <span class='ocrx_word' id='word_1_260' title='bbox 1584 2786 1807 2831; x_wconf 77' lang='lat' dir='ltr'>Heinsius</span> <span class='ocrx_word' id='word_1_261' title='bbox 1845 2788 1860 2843; x_wconf 85' lang='grc' dir='ltr'>ΙΙ</span> <span class='ocrx_word' id='word_1_262' title='bbox 1897 2790 1954 2828; x_wconf 88' lang='lat'>84</span> <span class='ocrx_word' id='word_1_263' title='bbox 1970 2788 1988 2823; x_wconf 62' lang='grc' dir='ltr'>ἐι</span> 
     </span>
     <span class='ocr_line' id='line_1_40' title="bbox 187 2845 1988 2901; baseline -0.003 -13"><span class='ocrx_word' id='word_1_264' title='bbox 187 2845 367 2901; x_wconf 88' lang='lat' dir='ltr'>pondus</span> <span class='ocrx_word' id='word_1_265' title='bbox 400 2846 658 2889; x_wconf 73' lang='lat' dir='ltr'>Aua‘ntius:</span> <span class='ocrx_word' id='word_1_266' title='bbox 689 2847 874 2901; x_wconf 89' lang='lat' dir='ltr'>tempus</span> <span class='ocrx_word' id='word_1_267' title='bbox 906 2848 935 2886; x_wconf 79' lang='lat' dir='ltr'><strong>G</strong></span> <span class='ocrx_word' id='word_1_268' title='bbox 966 2859 994 2886; x_wconf 75' lang='lat' dir='ltr'>a</span> <span class='ocrx_word' id='word_1_269' title='bbox 1972 2847 1988 2873; x_wconf 49' lang='grc' dir='ltr'><strong><em>ὲ</em></strong></span> 
     </span>
    </p>
   </div>
  </div>
 </body>
</html>
