1988 3106
0 284 258 379 {lt->icitur
291 301 493 356 Idalios
530 300 721 370 Erycis
761 299 824 352 de
863 300 1059 353 uertice
1098 300 1246 354 lucos

2 382 7 432 ζ
44 371 193 443 Dum
228 375 364 446 petit
401 377 456 428 et
493 373 680 427 molles
721 374 893 442 agitat
931 372 1115 427 Uenus
1156 392 1317 427 aurea
1355 390 1579 445 cygnos,

0 442 11 490 ·'³
36 443 365 522 Pergameas
405 447 637 501 intrasse
677 446 878 515 domos,
916 447 1007 499 ubi
1046 447 1308 501 maximus
1348 449 1524 519 aegris

60 524 69 538 ”
98 535 124 569 1s=
175 523 186 535 ‘
209 522 348 576 iator
385 520 536 575 adest
572 523 628 573 et
662 519 978 573 festinantia
1017 520 1210 574 sistens

88 647 99 654 ,
161 622 167 642 =
219 595 495 650 salutifero
534 593 682 647 mitis
723 593 851 646 deus
890 593 1111 646 incubat
1149 594 1327 664 angui.
1759 608 1815 649 25

63 665 84 734 ‚J
100 679 147 730 12
186 686 408 739 puerum
439 666 686 738 egregiae
724 667 1060 736 praeclarum
1100 667 1268 720 sidere
1307 668 1513 721 formae

0 771 3 799 ι
63 772 76 805 ς
100 742 223 805 >·-·‘uss
262 745 386 796 ante
425 741 510 796 dei
547 740 817 793 ludentem
857 740 1119 808 conspicit
1158 759 1292 794 aras.

0 859 6 867 f
166 815 395 886 primum
435 814 613 868 subita
650 814 869 882 paulum
909 813 1131 883 decepta
1169 815 1343 883 figura

0 934 1 953 2
44 885 78 960 η’,
133 890 309 944 torum
346 888 410 942 de
447 887 602 958 plebe
639 890 818 957 putat3
859 886 952 939 sed
990 905 1102 940 non
1141 891 1256 940 erat
1293 889 1374 941 illi

0 1011 3 1022 ‚
54 958 60 965 ’
103 973 107 977 ’
155 980 218 1016 us
256 964 309 1015 et
347 980 411 1016 ex
447 961 684 1015 humeris
721 960 903 1013 nullae
941 960 1275 1031 fulgentibus
1314 962 1550 1016 umbrae.
1761 977 1817 1017 80

17 1037 49 1104 ι’
98 1049 131 1101 ίἰ
164 1038 272 1090 tur
309 1034 515 1105 puerile
554 1033 714 1087 decus
753 1034 1066 1103 uultumque
1106 1037 1392 1104 comasque

18 1107 61 1171 ἠ
142 1109 323 1163 ·ioiens
366 1108 514 1162 ‘tune
551 1106 845 1161 Ausonias'
886 1108 963 1160 ait
1001 1107 1124 1160 ‘ibis
1164 1108 1231 1160 ad
1270 1126 1439 1178 arces,

50 1180 61 1253 ’ᾗ
102 1182 334 1236 *lectus
372 1180 605 1236 Ueneri?
645 1183 706 1233 tu
745 1180 960 1235 sordida
996 1184 1139 1234 tecta
1175 1182 1465 1252 iugumque

183 1255 262 1309 tii
300 1252 521 1326 uulgare
560 1253 738 1307 feres?
789 1255 976 1322 procul
1015 1254 1179 1307 absit:
1221 1272 1320 1325 ego
1360 1256 1465 1323 isti,

0 1357 2 1365 ν
58 1331 79 1395 ζ·
112 1346 215 1383 em
238 1329 447 1399 meruit,
470 1329 675 1381 formae
701 1327 977 1380 dominum
1003 1328 1156 1380 dabo,
1194 1329 1329 1381 uade
1355 1346 1454 1399 age
1479 1347 1702 1399 mecum,
1764 1344 1819 1383 35

0 1407 3 1432 ³
113 1399 211 1471 de,
246 1420 404 1472 puer:
445 1401 635 1455 ducam
673 1401 878 1454 uolucri
915 1418 1012 1470 per
1049 1401 1223 1453 sidera
1262 1420 1419 1455 curru

3 1491 262 1539 uffa-Unum
298 1476 513 1528 inmane
553 1474 700 1542 duci3
738 1491 838 1527 nec
874 1476 928 1526 te
967 1475 1176 1543 plebeia
1214 1477 1511 1528 manebunt

49 1542 191 1605 Istra:
229 1547 474 1602 Palatino
512 1548 746 1601 famulus
786 1547 992 1600 deberis
1032 1548 1215 1601 amori.

51 1616 142 1677 Nil
177 1637 291 1693 ege,
328 1623 422 1691 nil,
459 1622 650 1690 fateor,
687 1623 802 1673 toto
841 1623 952 1673 tam
991 1621 1142 1673 dulce
1183 1621 1283 1673 sub
1324 1622 1451 1675 orbe

51 1693 160 1755 Aut
195 1695 305 1748 uidi
344 1698 439 1748 aut
476 1694 653 1766 genui.
706 1694 861 1747 cedat
897 1694 998 1747 tibi
1036 1693 1276 1747 Latmius
1315 1696 1456 1748 ultro
1763 1710 1822 1750 40

52 1764 444 1839 Sangariusque
481 1786 614 1838 puer
652 1785 914 1837 quemque
953 1768 1106 1820 irrita
1143 1768 1311 1820 fontis
1350 1769 1529 1838 imago

51 1834 125 1897 m
160 1842 357 1896 sterilis
395 1841 730 1910 consumpsit
767 1859 930 1894 amor.
990 1843 1045 1893 te
1084 1842 1294 1893 caerula
1332 1840 1466 1895 Nais

52 1911 234 1970 Manet
271 1918 326 1968 et
363 1932 631 1984 apprensa
667 1915 922 1967 traxisset
957 1913 1150 1967 fortius
1189 1933 1339 1967 urna.

53 1986 148 2058 Ἔτι,
181 2006 327 2058 puer,
366 1991 491 2042 ante
531 1987 730 2057 omnis3
769 1988 914 2040 solus
954 1987 1241 2041 formosior
1278 1988 1385 2056 ille,

56 2058 150 2121 Cui
186 2060 433 2115 daberis?
488 2062 566 2114 sic
605 2079 728 2115 orsa
766 2061 912 2114 leues
952 2079 1132 2113 secum
1170 2061 1289 2129 ipsa
1327 2080 1423 2130 per
1462 2081 1620 2115 auras
1764 2077 1819 2116 45

2 2116 10 2151 ¹
57 2125 216 2189 l'Bllit
252 2135 563 2204 olorinaque
601 2134 751 2187 iubet
788 2134 1064 2187 considere
1102 2134 1244 2203 biga.

59 2202 162 2262 Nec
197 2226 363 2263 mora.
420 2208 531 2261 iam
569 2206 712 2260 Latii
750 2210 960 2260 montes
998 2208 1299 2276 ueterisque
1337 2212 1561 2276 penates

206 2281 302 2346 dri,
342 2299 477 2351 quos
516 2281 656 2334 mole
693 2299 836 2333 noua
873 2283 1028 2349 pater
1066 2280 1282 2333 inclitus
1321 2281 1469 2334 urbis

63 2350 263 2414 &colit
299 2357 354 2408 et
392 2354 615 2407 summis
655 2356 851 2423 aequat
887 2353 1236 2406 Germanicus
1277 2355 1451 2407 astriS.

66 2425 200 2499 Eine
235 2427 452 2497 propior
490 2428 599 2480 iam
637 2445 764 2480 cura
801 2427 943 2495 deae,
982 2445 1116 2496 quae
1154 2428 1329 2480 forma
1368 2428 1575 2498 capillis
1763 2443 1819 2483 50

68 2480 280 2575 Jfftima,
319 2518 455 2570 quae
491 2501 658 2554 uestis
696 2518 879 2554 roseos
919 2500 1207 2553 accendere
1246 2502 1429 2554 uultus

634 180 942 226 SILUARUM
973 181 1023 225 L.
1056 180 1135 238 111,
1167 185 1207 226 4.
1742 180 1809 235 87

73 2655 403 2683 -43-——-—

107 2725 224 2922 Eas
243 2759 430 2819 subita]
448 2759 591 2805 dubia
613 2759 836 2804 Heinsius
842 2776 860 2812 ‚·
889 2760 1046 2804 malim
1069 2759 1219 2804 nitida
1240 2762 1256 2816 η
1279 2765 1335 2804 39
1359 2762 1459 2804 tam
1484 2765 1537 2805 s:
1566 2761 1663 2806 iam
1686 2766 1724 2805 A
1747 2768 1777 2805 c
1807 2767 1820 2821 {i

7 2835 24 2874 .⁴
79 2852 85 2859 .
222 2819 273 2863 at
302 2833 351 2862 a:
383 2819 516 2864 cedet
547 2823 575 2861 0
607 2818 775 2863 cedant
804 2818 1027 2862 Heinsius
1053 2821 1059 2875 Ι
1086 2819 1254 2863 lamius
1286 2823 1337 2875 A,
1368 2820 1437 2863 ita
1467 2821 1541 2864 uel
1569 2820 1720 2866 lanius
1746 2827 1775 2865 0
1806 2824 1821 2881 Η

0 2885 10 2896 ··
80 2901 85 2915 =
116 2921 129 2948 ,ἢ
170 2876 407 2934 etet-esque
438 2882 467 2920 0
497 2893 538 2933 a,
570 2890 684 2922 corr.
715 2876 940 2921 Bao-thius
962 2879 978 2933 ΙΙ
1001 2881 1057 2920 48
1088 2877 1215 2921 urbis
1247 2882 1276 2921 ς
1309 2893 1360 2920 a:
1393 2878 1516 2922 orbis
1548 2883 1577 2921 0
