1976 3126
190 176 300 229 260
749 176 798 221 Ρ.
852 175 1082 220 PAPINII
1114 175 1306 221 STATII

185 298 467 351 Iactantur
503 297 660 349 niveo
700 297 888 349 lunata
926 298 1154 351 monilia
1194 298 1365 351 dente.

186 370 310 442 Ipse
349 371 433 424 bis
476 370 700 423 Oebalio
742 374 1044 424 saturatam
1083 372 1287 426 murice
1325 372 1528 440 pallam
1789 386 1873 427 690

184 445 555 514 Lucentesque
594 463 726 497 auro
766 446 980 498 tunicas
1023 445 1149 517 (hoc
1186 449 1409 499 neverat
1446 464 1611 500 unum

185 518 364 572 Mater
405 517 564 589 opus)
604 518 755 571 tenui
795 520 1050 573 collectus
1090 519 1147 572 in
1183 520 1281 573 ilia
1317 520 1519 589 vinc10,

188 592 504 661 Cornipedis
545 592 700 646 laevo
743 593 974 662 clipeum
1015 593 1308 648 demiserat
1346 612 1519 663 armo,

186 666 332 720 Ense
373 667 551 736 gravis
591 666 781 720 nimio:
820 668 983 721 tereti
1020 668 1173 721 iuvat
1213 686 1375 721 aurea
1412 685 1597 722 morsu

188 740 404 809 Fibula,
442 740 734 808 pendentes
776 741 975 794 circum
1014 743 1186 795 latera
1225 760 1419 811 aspera
1458 742 1666 795 cinctus
1676 784 1689 810 ,
1791 754 1874 795 695

190 813 543 884 Vaginaeque
585 832 777 868 sonum
816 816 1212 885 tremulumque
1253 815 1436 869 audire
1475 815 1764 885 pharetrae

187 887 431 941 Murmur
472 891 527 941 et
567 907 598 940 a
638 907 771 942 cono
812 890 1008 943 missas
1047 891 1107 943 in
1144 893 1300 961 terga
1339 893 1581 959 catenas3

187 961 468 1015 Interdum
509 962 699 1016 cristas
740 963 930 1017 hilaris
970 966 1174 1017 iactare
1214 967 1489 1018 comantes

185 1036 260 1089 Et
297 1036 502 1104 pictum
542 1037 771 1106 gemmis
813 1039 999 1107 galeae
1039 1039 1209 1092 iubar.
1285 1037 1391 1092 Ast
1429 1038 1523 1091 ubi
1561 1055 1744 1108 pugna

186 1108 367 1163 Cassis
410 1109 605 1163 anhela
646 1111 807 1181 calet,
846 1113 1087 1166 resoluto
1128 1113 1326 1166 vertice
1364 1113 1537 1165 nudus
1789 1126 1876 1166 700

185 1183 468 1237 Exoritur:
509 1186 639 1237 tunc
680 1185 831 1239 dulce
872 1204 1055 1240 comae
1094 1186 1366 1270 radiisque
1404 1188 1698 1239 trementes

185 1257 356 1311 Dulce
394 1257 572 1311 nitent
611 1259 757 1312 visus
800 1262 875 1329 et,
916 1279 1048 1329 quas
1090 1261 1239 1314 dolet
1277 1261 1393 1329 ipse
1434 1260 1654 1326 morari,

185 1331 440 1386 Nondum
480 1335 690 1386 mutata
728 1352 914 1387 roseae
953 1335 1209 1404 lanugine
1248 1335 1439 1388 malae.

186 1405 300 1459 Nec
338 1405 543 1459 formae
584 1407 692 1459 sibi
731 1408 888 1461 laude
927 1409 1106 1477 placet
1146 1409 1482 1478 multumque
1523 1408 1722 1462 severis

187 1479 425 1549 Asperat
465 1499 560 1533 ora
597 1481 784 1550 minis,
826 1482 918 1535 sed
956 1483 1152 1537 frontis
1194 1486 1375 1537 servat
1411 1483 1674 1536 honorem
1790 1496 1877 1536 705

186 1553 275 1606 Ira
314 1554 522 1607 decens
598 1555 712 1608 Dat
752 1559 942 1624 sponte
983 1557 1164 1610 locum
1203 1557 1463 1610 Thebana
1499 1557 1774 1626 iuventuS,

186 1628 457 1681 Natorum
498 1647 786 1698 memores,
826 1630 1142 1700 intentaque
1181 1631 1294 1684 tela
1332 1633 1670 1699 retorquent,

189 1700 294 1754 Sed
331 1702 531 1770 premit
570 1705 624 1755 et
663 1721 849 1756 saevas
891 1703 1276 1757 miserantibus
1315 1705 1516 1774 ingerit
1553 1703 1759 1758 hastas,

187 1775 352 1829 Illum
391 1778 446 1828 et
486 1774 739 1830 Sidoniae
779 1777 1026 1830 Teumesi
1069 1797 1095 1831 e
1136 1778 1337 1831 vertice
1375 1778 1648 1847 nymphae

187 1848 494 1902 Bellantem
534 1853 696 1919 atque
736 1851 856 1919 ipso
898 1852 1091 1905 sudore
1132 1855 1186 1905 et
1223 1852 1444 1922 pulvere
1485 1855 1702 1922 gratum
1793 1866 1879 1906 710

188 1923 463 1994 Laudant,
503 1926 557 1976 et
594 1924 760 1977 tacito
802 1925 1003 1978 ducunt
1043 1927 1308 1995 suspiria
1316 1930 1459 1979 vote.

262 1997 419 2051 Talia
458 1999 698 2051 cernenti
737 1999 885 2052 mitis
926 2000 1074 2053 subit
1114 2001 1228 2053 alta
1267 2000 1475 2053 Dianae

188 2068 367 2124 Corda
409 2071 582 2141 dolor,
620 2072 856 2142 fletuque
896 2091 1061 2144 genas
1101 2074 1307 2128 violata
1347 2073 1543 2143 quod'
1584 2074 1783 2159 inquit,

189 2143 377 2199 ‘Nunc
414 2146 540 2216 tibi,
582 2147 723 2216 quod
761 2147 858 2200 leti
897 2166 1155 2217 quaeram
1195 2148 1293 2201 dea
1331 2149 1440 2201 fida
1477 2148 1767 2219 propinqui

188 2218 503 2289 Effugium‘?
536 2220 738 2274 haecne
762 2221 907 2275 ultro
933 2222 1278 2292 properasti
1262 2241 1319 2274 1n
1343 2222 1571 2292 proelia,
1598 2241 1754 2276 saeve
1796 2237 1878 2276 715

188 2293 271 2345 Ac
309 2294 614 2347 miserande
652 2295 821 2364 puer?
862 2296 1026 2348 cruda
1064 2296 1171 2349 heu
1212 2296 1514 2366 festinaque
1552 2297 1724 2350 virtus

191 2364 373 2420 Suasit
412 2371 466 2419 et
503 2368 778 2421 hortatrix
817 2369 1049 2422 animosi
1088 2370 1267 2439 gloria
1305 2370 1441 2423 leti?

190 2439 410 2494 Scilicet
450 2444 738 2512 angustum
779 2441 1093 2496 iamdudum
1133 2445 1452 2514 urgentibus
1494 2444 1648 2497 annis

310 2605 396 2645 694
434 2600 567 2644 iubet
597 2606 629 2643 P
672 2600 794 2658 ligat
824 2602 882 2647 A.
916 2602 1144 2647 Schottius
1174 2608 1215 2648 et
1249 2603 1507 2649 Gronovius
1538 2617 1560 2648 e
1591 2604 1716 2648 codd.
1749 2604 1763 2660 ΙΙ
1795 2608 1878 2648 699

189 2674 377 2715 pugnae
408 2665 440 2703 P
464 2662 479 2716 ΙΙ
504 2665 586 2705 701
619 2661 872 2705 trementes
895 2665 965 2715 Bp
990 2662 1099 2706 Beh.
1125 2667 1151 2706 1
1180 2663 1300 2708 Gozb
1332 2662 1583 2707 frementes
1606 2667 1639 2705 P
1669 2663 1879 2706 meantes
1974 2664 1976 2666 ’

193 2723 295 2762 ScB
336 2733 477 2776 mary.
524 2719 752 2763 micantes
793 2725 838 2763 M
878 2722 975 2765 edd.
1023 2721 1229 2765 nitentes
1269 2723 1380 2766 Beh.
1413 2727 1446 2767 2
1485 2723 1501 2779 ΙΙ
1541 2727 1626 2766 703
1672 2722 1880 2765 mutatae

192 2791 332 2821 rosea
364 2780 489 2824 codd.
522 2780 620 2823 edd.
653 2781 839 2823 mutata
868 2793 1030 2824 roseae
1062 2782 1228 2836 scripsi
1257 2782 1272 2838 u
1305 2785 1388 2825 709
1421 2780 1622 2825 teumesi
1656 2796 1679 2825 e
1705 2781 1880 2824 vertice

194 2840 226 2878 P
252 2836 366 2893 iuga
388 2851 473 2894 per
495 2837 726 2882 teumesia
748 2840 816 2883 vel
840 2838 1104 2905 theumesia
1127 2844 1253 2882 Bsn
1274 2839 1408 2896 virgo
1433 2829 1678 2883 teumesia'
1687 2840 1830 2897 Praq.
1847 2841 1879 2884 2

191 2909 248 2941 m.
278 2910 352 2952 pr.
378 2897 392 2952 ΙΙ
419 2902 511 2941 710
535 2896 721 2953 graium
751 2902 784 2940 P
807 2899 822 2954 ss
848 2903 931 2942 715
963 2897 1014 2940 in
1043 2903 1076 2941 P
1110 2898 1231 2943 Oolb.
1266 2898 1327 2942 ad
1357 2903 1482 2942 Bsu
