2020 3106
259 125 330 175 34
830 123 879 167 P.
913 121 1146 166 PAPINII
1178 120 1379 167 STATII

194 258 238 289 ΙΙ
256 244 378 297 Iure
417 246 618 313 pavent
657 243 819 312 aliae,
861 244 955 296 sed
994 243 1083 296 vix
1124 262 1222 296 sua
1262 243 1460 313 gaudia
1499 244 1639 297 celat

189 333 235 364 80
258 318 470 372 Pelides
520 317 816 386 avidusque
854 336 1025 371 novos
1064 317 1258 371 heroas
1299 321 1354 370 et
1391 336 1542 371 arma

257 393 362 445 Vel
401 392 529 445 talis
570 391 770 444 vidisse
811 392 976 461 cupit.
1050 391 1272 462 Iamque
1313 393 1455 445 atria
1492 393 1701 446 fervent
1864 406 1948 446 755
2011 460 2014 463 Δ

256 467 448 537 Regali
491 466 722 535 strepitu
762 469 817 518 et
854 466 1002 534 picto
1043 465 1398 519 discumbitur
1438 469 1612 534 ostro,

256 539 391 594 Cum
431 543 588 609 pater
627 541 705 593 ire
744 540 895 593 iubet
932 543 1091 593 natas
1132 540 1464 610 comitesque
1503 541 1726 609 pudicas

253 615 536 668 Natarum.
615 613 883 684 Subeunt,
923 615 1108 684 quales
1147 613 1419 667 Maeotide
1457 616 1600 684 ripa,

188 704 230 736 85
256 688 390 743 Cum
432 688 717 757 Scythicas
758 706 982 758 rapuere
1021 689 1210 742 domos
1250 692 1304 741 et
1342 692 1502 758 capta
1541 689 1799 743 Getarum

253 763 493 832 Moenia,
535 763 789 831 sepositis
830 763 1118 832 epulantur
1155 762 1460 816 Amazones
1501 765 1680 816 armis
1863 777 1949 818 760

253 838 394 891 Tum
434 856 562 891 vero
602 838 845 890 intentus
885 838 1069 890 vultus
1110 855 1170 890 ac
1209 841 1433 906 pectora
1471 837 1659 891 Ulixes

251 912 526 965 Perlibrat
564 911 707 965 visu:
749 912 841 964 sed
879 930 987 964 nox
1025 911 1301 981 inlataque
1338 911 1539 965 fallunt

250 986 483 1039 Lumina
531 989 585 1038 et
624 986 893 1055 extemplo
934 985 1100 1039 latuit
1139 1004 1393 1038 mensura
1430 986 1716 1039 iacentum.

185 1077 228 1108 90
252 1062 327 1113 At
364 1063 549 1114 tamen
588 1063 932 1129 erectumque
972 1077 1137 1130 genas
1178 1060 1453 1130 oculisque
1493 1063 1783 1130 vagantem
1851 1054 1871 1066 ⁶

250 1134 524 1204 Nullaque
563 1134 795 1203 virginei
836 1137 1138 1187 servantem
1179 1134 1337 1204 signa
1375 1135 1598 1203 pudoris
1860 1148 1944 1189 765

249 1208 456 1278 Defigit
496 1208 788 1278 comitique
829 1208 1050 1278 obliquo
1090 1209 1293 1261 lumine
1332 1211 1617 1263 monstrat.

179 1305 184 1309 ·
250 1282 424 1346 Quid?
462 1283 571 1336 nisi
609 1282 960 1352 praecipitem
998 1282 1199 1335 blando
1241 1284 1527 1352 complexa*
1558 1287 1802 1337 moneret

246 1357 533 1411 Deidamia
574 1357 696 1409 sinu
734 1357 1044 1426 nudataque
1083 1359 1559 1427 pectorasemper

182 1447 224 1478 95
248 1431 615 1500 Exsertasque
657 1450 848 1484 manus
888 1449 1209 1501 umerosque
1248 1431 1307 1484 in
1346 1435 1497 1485 veste
1535 1435 1766 1502 teneret,
1982 1435 2005 1506 ζῇ

246 1506 321 1558 Et
360 1506 576 1574 prodire
614 1506 748 1558 toris
791 1509 844 1557 et
881 1523 1102 1574 poscere
1142 1506 1271 1558 vina
1309 1508 1519 1560 vetaret
1858 1520 1942 1560 770
1978 1501 1997 1572 ’ἒ

250 1578 497 1648 Saepius,
539 1582 592 1631 et
631 1579 801 1631 fronti
841 1580 1040 1631 crinale
1079 1582 1366 1648 reponeret
1405 1581 1632 1633 aurum?
1978 1578 2013 1643 <l

249 1653 545 1723 [Argolicis
588 1653 814 1706 ducibus
854 1653 962 1705 iam
1001 1656 1130 1705 tunc
1169 1653 1437 1722 patuisset
1475 1653 1754 1721 Achilles]
1975 1645 2015 1752 ξ’·

395 1727 472 1780 Ut
510 1727 729 1796 placata
767 1727 937 1780 fames
979 1727 1151 1796 epulis
1191 1727 1275 1779 bis
1314 1730 1506 1798 terque
1543 1729 1799 1798 repostis,

156 1817 222 1848 100
246 1802 362 1855 Rex
400 1802 549 1870 prior
589 1801 898 1872 adloquitur
928 1801 1238 1870 paterisque
1269 1800 1522 1854 hortatur
1551 1802 1815 1856 Achivos:

248 1875 491 1929 ‘Invideo
530 1875 750 1944 vestris,
788 1875 987 1943 fateor,
1027 1876 1221 1928 decora
1259 1875 1448 1929 inclita
1486 1877 1667 1946 gentis
1855 1890 1940 1931 775
1995 1890 2011 1942 ·’,

245 1950 556 2020 Argolicae,
597 1950 826 2019 coeptis:
865 1950 1077 2002 utinam
1117 1952 1172 2002 et
1211 1950 1346 2002 mihi
1384 1950 1580 2004 fortior
1621 1954 1793 2021 aetem,

365 2146 450 2186 753
481 2154 636 2186 versus
668 2142 720 2185 in
753 2140 810 2183 ΘΒ
841 2144 1053 2185 contextu
1076 2153 1174 2196 om„
1206 2153 1349 2197 mary.
1383 2139 1443 2184 al.
1475 2154 1532 2186 m.
1566 2141 1754 2186 additus
1788 2143 1793 2197 Ι
1832 2140 1937 2186 Iure

245 2201 372 2245 codd.
414 2202 484 2245 Ire
510 2200 794 2245 Schraderus
825 2200 939 2244 Inde
962 2200 1270 2244 Baehrensius
1297 2202 1303 2252 Ι
1331 2199 1409 2244 vix
1441 2212 1525 2243 sua
1555 2204 1590 2243 (ἓ
1611 2200 1668 2242 G2
1704 2203 1777 2254 (ut
1799 2213 1940 2245 emen-

244 2261 386 2304 dabat
403 2260 707 2315 Schraderus)
736 2259 814 2304 vix
845 2273 968 2304 nova
998 2263 1155 2301 PPcM
1182 2259 1189 2315 Ι
1216 2258 1372 2302 differt
1389 2258 1671 2304 Schraderus
1693 2261 1709 2316 Η
1735 2264 1819 2304 754
1844 2260 1940 2305 avi-

242 2319 416 2375 dosque
448 2323 481 2361 P
503 2320 520 2376 ΙΙ
545 2323 629 2363 756
654 2318 961 2363 discumbitur
992 2318 1122 2362 aulro
1155 2322 1188 2359 P
1215 2320 1221 2373 Ι
1251 2322 1336 2361 760
1369 2317 1623 2375 suppositis
1656 2320 1782 2363 codd.
1801 2333 1937 2376 prae-

240 2396 308 2436 ter
327 2392 458 2437 Leid.
493 2393 574 2449 qui
603 2393 793 2449 praebet
824 2391 955 2450 sslf:
977 2391 1160 2448 positis;
1209 2390 1425 2448 sepositis
1473 2392 1727 2436 emendavit
1768 2392 1936 2438 Schra—

241 2452 376 2496 derus
413 2453 429 2508 ΙΙ
470 2457 554 2496 761
587 2451 792 2496 intentos
824 2455 923 2494 PPc
960 2452 964 2507 Ι
1010 2456 1094 2495 762
1143 2451 1378 2496 Perlibrat
1407 2455 1441 2493 P
1485 2451 1696 2495 Perlibat
1727 2455 1785 2494 Pc
1831 2452 1937 2497 Per-

239 2508 449 2568 libasssG2
488 2510 729 2556 Praelibat
757 2515 803 2553 M
825 2511 840 2567 ΙΙ
866 2515 950 2554 763
981 2510 1216 2555 iacentum
1238 2515 1272 2553 P
1309 2509 1508 2555 iacentis
1539 2512 1671 2554 ceteri
1692 2511 1708 2567 ΙΙ
1734 2515 1817 2555 765
1851 2527 1934 2569 pu-

241 2570 391 2614 doreis
414 2574 447 2612 P
470 2571 486 2627 ΙΙ
510 2575 593 2615 767
633 2584 788 2615 versus
817 2571 898 2613 hoe
929 2570 1023 2613 loeo
1054 2571 1107 2613 in
1137 2575 1157 2612 t
1204 2570 1396 2614 omissus
1427 2570 1546 2614 inter
1576 2583 1615 2614 v.
1650 2573 1742 2615 770
1773 2575 1814 2614 et
1845 2574 1932 2616 771
2011 2622 2013 2624 v

239 2630 437 2674 insertus
468 2634 531 2674 est
573 2631 579 2686 Ι
628 2629 750 2683 Quid
781 2634 813 2672 P
853 2627 986 2682 Quod
1023 2633 1069 2671 M
1110 2628 1257 2682 Quem
1295 2635 1316 2672 t
1357 2629 1458 2683 Quo
1509 2630 1582 2682 (in
1618 2633 1734 2683 ras.)
1771 2628 1935 2689 Leidss

243 2694 326 2734 768
359 2691 575 2746 tempora
597 2694 630 2731 P
653 2691 668 2746 ss
694 2694 777 2734 772
810 2701 986 2732 versum
1016 2689 1097 2744 qui
1126 2689 1244 2732 deest
1275 2689 1327 2732 in
1357 2693 1412 2743 P,
1443 2689 1496 2732 in
1525 2692 1584 2730 Po
1597 2688 1654 2731 (3²
1681 2689 1838 2745 prima
1860 2703 1934 2743 m.,
2011 2733 2013 2741 ,

238 2750 381 2804 marq.
413 2761 494 2793 sec.
534 2763 591 2793 m.
634 2749 843 2801 additus,
887 2748 940 2791 in
982 2748 1136 2791 ceteris
1166 2749 1422 2802 invenitwr,
1460 2747 1593 2792 uncis
1631 2748 1801 2792 inclusi
1837 2762 1934 2792 mu·
2010 2752 2013 2804 ι’

238 2810 338 2851 tata
368 2808 732 2864 interpunctione
762 2809 779 2865 ss
810 2812 893 2852 776
937 2806 1118 2850 utinam
1159 2808 1208 2851 et
1245 2807 1363 2851 mihi
1393 2810 1537 2849 PPcG
1583 2805 1933 2866 utinamslsmihi
2011 2818 2013 2827 ¹

240 2865 297 2908 (3²
343 2866 524 2910 utinam
557 2866 673 2910 mihi
703 2871 748 2909 Μ
1996 2874 2007 2931 ‚g

1994 2936 2006 2962 Υ.

1993 2963 2020 3106 t
