1976 3094
199 140 308 194 216
776 142 834 187 Ρ.Δ
858 142 1083 187 ΡΑΡΙΝΠ
1115 142 1309 188 STATII

195 261 495 334 Excubiae3
536 265 753 334 gemina
792 282 917 317 aera
957 267 1154 318 sonant
1191 264 1459 334 Idaeaque
1496 267 1654 334 terga

194 336 270 390 Et
309 337 588 392 moderata
627 356 819 391 sonum
858 339 1010 392 vario
1052 339 1348 408 spiramine
1387 339 1576 391 buxus,

197 410 350 465 Tunc
399 412 578 469 dulces
620 430 843 481 superos
883 415 1043 481 atque
1083 430 1242 466 omne
1281 431 1345 466 ex
1385 412 1568 466 ordine
1608 412 1884 465 alumnum

194 484 413 539 Numen
451 486 651 556 ubique
691 487 830 540 sacri
868 490 1126 540 resonant
1163 504 1420 556 paeaneS‚
1458 487 1654 556 ubique

198 558 355 613 Serta
394 563 817 630 coronatumque
857 580 1078 614 merum.
1154 560 1314 615 Nunc
1350 560 1543 614 funera
1579 560 1758 613 rident
1797 571 1883 613 225

194 635 431 703 Auguris
472 635 671 704 ignari,
711 638 1004 705 contraque
1042 635 1100 689 in
1138 638 1383 704 tempore
1422 638 1634 689 certant

194 708 439 761 Tiresian
476 709 695 762 laudare
736 728 916 777 suum3
956 726 1096 762 nunc
1135 708 1252 763 fata
1288 709 1574 763 revolvunt

192 780 463 836 Maiorum
501 786 818 852 veteresque
859 787 1058 836 canunt
1095 784 1163 836 ab
1204 783 1414 854 origine
1453 783 1697 836 Thebas:

193 855 269 909 Hi
307 875 456 910 mare
497 856 777 911 Sidonium
816 858 1176 927 manibusque
1217 857 1406 910 attrita
1445 857 1706 911 Tonantis

193 929 411 984 Cornua
450 934 504 984 et
542 932 753 1001 ingenti
795 932 1061 986 sulcatum
1100 930 1280 986 Nerea
1317 934 1498 1001 tauro,
1797 943 1886 984 230
1937 981 1943 988 .

191 1003 266 1056 Hi
307 1003 568 1059 Cadmum
607 1007 913 1075 lassamque
951 1006 1147 1060 bovem
1185 1006 1433 1075 fetosque
1474 1005 1682 1058 cruenti
1935 1014 1937 1017 “

191 1077 385 1132 Martis
427 1097 611 1150 agros,
651 1081 744 1133 alii
783 1080 1004 1146 Tyriam
1043 1080 1317 1150 reptantia
1349 1099 1479 1134 saxa

192 1151 279 1206 Ad
312 1153 504 1222 chelyn
544 1157 598 1207 et
635 1155 796 1208 duras
838 1155 1173 1208 animantem
1210 1153 1526 1223 Amphiona
1567 1156 1748 1206 cautes
1758 1194 1771 1221 ,

192 1226 267 1279 Hi
306 1227 585 1297 gravidam
628 1226 897 1298 Semelen,
934 1229 1019 1282 illi
1059 1227 1351 1298 Cythereia
1389 1228 1613 1281 laudant
1938 1277 1948 1290 ,

194 1299 437 1355 Conubia
478 1305 532 1356 et
571 1303 746 1356 multa
785 1303 1069 1358 deductam
1108 1302 1360 1373 lampade
1398 1303 1627 1355 fratrum
1797 1314 1882 1354 235

191 1374 574 1430 Harmoniam:
614 1378 781 1430 nullis
821 1377 974 1431 deest
1013 1396 1111 1431 sua
1149 1377 1336 1430 fabula
1374 1375 1594 1430 mensis.
1935 1368 1964 1433 ἕ»

192 1447 303 1503 Ceu
341 1450 501 1505 modo
542 1451 917 1522 gemmiferum
957 1452 1149 1521 thyrso
1189 1452 1483 1521 populatus
1522 1449 1817 1519 Hydaspen
1943 1506 1946 1507 γ

189 1523 443 1594 ansque
482 1525 672 1579 domos
711 1526 856 1595 nigri
895 1527 1094 1579 vexilla
1132 1526 1401 1595 triumphi
1804 1585 1809 1589 ,
1947 1546 1976 1590 ,¹

189 1597 352 1651 Liber
392 1602 447 1652 et
484 1599 705 1683 ignotos
746 1600 962 1669 populis
1004 1600 1313 1654 ostenderet
1349 1598 1529 1653 Indos,
1940 1640 1941 1645 ,
1975 1588 1976 1611 ¹

266 1671 407 1725 Tum
439 1674 677 1743 primum
711 1675 777 1726 ad
811 1678 993 1727 coetus
1025 1673 1308 1743 sociaeque
1336 1673 1403 1726 ad
1424 1672 1643 1727 foedera
1667 1688 1883 1725 mensae

192 1744 414 1815 Semper
451 1747 788 1831 inaspectum
829 1748 1051 1819 diraque
1091 1749 1150 1800 in
1188 1747 1311 1801 sede
1350 1748 1613 1800 latentem
1794 1758 1877 1798 241
1942 1782 1964 1805 .‚

191 1818 503 1889 Oedipoden
542 1823 716 1875 exisse
755 1821 938 1875 ferunt
975 1823 1236 1892 vultuque
1276 1839 1466 1875 sereno

190 1892 456 1947 Canitiem
493 1895 710 1965 nigram
752 1897 1001 1966 squalore
1041 1899 1097 1949 et
1136 1895 1354 1950 sordida
1391 1895 1526 1949 fusis

190 1967 299 2021 Ora
338 1969 505 2022 comis
545 1970 759 2023 laxasse
798 1989 964 2023 manu
1005 1970 1316 2040 sociumque
1354 1970 1620 2042 benignos

189 2041 424 2097 Adfatus
464 2045 519 2096 et
554 2045 753 2098 abacta
790 2045 942 2113 prius
983 2045 1186 2099 solacia
1223 2062 1472 2114 passum,
1790 2054 1876 2095 245

190 2114 332 2178 Quin
370 2117 618 2171 hausisse
659 2119 824 2188 dapes
863 2119 1288 2187 insiccatumque
1327 2136 1574 2172 cruorem

188 2189 462 2245 Deiecisse
502 2193 672 2262 genis.
750 2191 985 2247 Cunctos
1027 2193 1282 2263 auditque
1320 2192 1613 2261 refertque,

189 2263 294 2326 Qui
332 2264 516 2319 Ditem
556 2270 611 2320 et
648 2266 841 2319 Furias
880 2270 1093 2321 tantum
1134 2270 1189 2320 et
1227 2267 1274 2320 si
1313 2267 1526 2336 quando
1566 2266 1841 2334 regentem

187 2339 503 2408 Antigonen
541 2341 764 2394 maestis
807 2341 1000 2395 solitus
1040 2342 1257 2410 pulsare
1298 2340 1564 2410 querellis,

1932 1184 1945 1238 β,

1934 1241 1946 1276 l*

307 2490 392 2545 227
426 2484 637 2530 Tiresian
667 2491 699 2528 P
729 2485 956 2530 Tiresiam
985 2490 1111 2529 Bsu
1137 2488 1143 2543 Ι
1171 2485 1272 2530 fata
1301 2489 1467 2529 PcGH
1497 2485 1626 2529 facta
1655 2485 1843 2539 B(?)81
1865 2480 1880 2539 Η

189 2548 274 2589 229
309 2543 537 2589 adstricta
566 2545 870 2612 Burmannus
901 2547 916 2603 υ
947 2550 1032 2590 231
1066 2545 1320 2602 flectosque
1350 2550 1383 2588 P
1413 2547 1429 2602 ΙΙ
1461 2549 1547 2590 234
1578 2543 1666 2587 Hic
1695 2546 1728 2585 P
1751 2543 1768 2599 ΙΙ
1790 2544 1874 2585 236

185 2631 491 2677 Harmoniam
522 2638 555 2676 P
593 2619 883 2680 Harm¹0nam
912 2638 946 2677 B
982 2634 1287 2679 Hermionam
1320 2640 1378 2678 Sc
1407 2634 1518 2679 Beh.
1553 2637 1578 2677 1
1608 2633 1615 2690 Ι
1641 2631 1876 2686 nullisque

187 2692 322 2738 deest
352 2697 420 2737 Ge
450 2693 562 2738 Beh.
594 2698 626 2739 2
661 2694 788 2739 Dan.
829 2692 972 2738 nullis
1012 2693 1107 2738 iam
1146 2694 1282 2738 deest
1310 2699 1343 2737 1.
1381 2693 1597 2739 Weberus
1635 2692 1749 2736 defis
1795 2699 1878 2731 sua

186 2751 515 2798 Lachmamnus
548 2752 682 2797 deest
712 2766 771 2797 en
802 2766 888 2797 sua
917 2753 1031 2798 Luc.
1067 2754 1323 2799 Muellerus
1354 2753 1488 2797 deses
1521 2767 1605 2797 sua
1635 2752 1693 2796 R
1735 2748 1876 2804 Uuye·

185 2824 268 2856 rus
317 2811 431 2856 defit
471 2825 554 2856 sua
591 2812 911 2857 Baehreusius.
977 2812 1064 2857 Sed
1094 2814 1210 2858 mihi
1247 2813 1426 2870 quidem
1457 2813 1577 2858 nihil
1606 2808 1875 2856 mutandum

187 2871 378 2926 videtum,
413 2871 509 2916 coll
545 2872 597 2916 X
626 2875 722 2918 236
760 2872 847 2916 XI
874 2875 969 2917 276
