1956 3086
585 159 872 206 EDITORIS
902 159 1258 206 PRAEFATIO.
1733 175 1792 205 xv

18 283 69 327 ‘·‘=
105 297 133 334 e
171 280 256 350 fit,
293 280 460 335 nimio
500 280 730 351 quodam
770 281 952 334 omnia
988 280 1306 334 defendendi
1346 279 1524 333 studio
1566 280 1790 349 abripie-

18 371 20 413 ;
57 356 194 421 stur,
239 354 317 407 ita
366 354 478 408 eius
517 353 820 424 pedissequi
861 371 1019 423 saepe
1056 357 1169 407 tam
1208 371 1458 423 peruerse
1497 353 1791 407 lectionum

18 431 27 501 {-
92 426 241 481 codd.
279 426 636 481 exhibitarum
675 427 969 481 extiterunt
1006 427 1223 498 patroni
1260 430 1314 480 et
1349 426 1790 481 Marklandianae

51 500 225 562 ⁴ilicet
267 501 560 555 temeritati
614 500 971 571 audaciaeque
1028 501 1245 555 obuiam
1291 500 1449 554 eundi
1497 500 1791 570 cupiditate

18 579 42 616 ³1-
62 598 74 621 ·
123 574 395 645 progressi
433 578 562 628 sunt
597 577 658 627 ut
695 574 978 643 primarias
1018 575 1148 627 artis
1189 574 1405 628 criticae
1443 574 1658 644 regulas
1697 573 1790 627 ha·

18 661 39 696 ιι
57 650 207 700 erent
243 648 462 717 insuper
498 650 553 701 et
591 645 847 715 Statium,
892 648 1145 718 quicquid
1183 648 1240 700 in
1277 648 1499 701 buccam
1538 648 1792 716 uenisset,

22 758 32 787 c
79 720 297 790 ripsisse
352 738 535 775 secure
586 721 918 775 affirmarent
971 721 1208 791 satisque
1254 721 1364 774 fere
1411 721 1692 790 haberent,
1746 721 1791 774 si

19 793 283 852 uocabula
321 794 628 864 legerentur
665 794 848 848 latina
908 794 1048 848 hanc
1086 794 1475 864 interpretandi
1512 795 1791 862 rationem,

22 883 220 940 inqua
258 867 415 921 multi
450 867 610 923 hodie
650 867 752 921 sibi
789 868 1030 937 placent,
1077 886 1197 921 cum
1247 867 1495 937 plurimis
1535 868 1790 937 exemplis

22 883 179 996 liceat
215 940 517 1011 inlustrare,
558 940 664 995 duo
703 958 964 1010 promam.
1004 942 1122 995 silu.
1147 940 1198 994 V
1223 942 1274 1011 2,
1298 942 1370 995 54
1393 958 1506 1011 sqq.
1539 942 1790 1012 legimus:

953 1073 1247 1129 quantusque
1278 1085 1335 1117 ne
1397 1073 1526 1117 ntem

43 1180 45 1182 ¹
283 1129 523 1175 Fluctibus
553 1129 756 1175 occiduis
786 1129 998 1187 fessoque
1030 1130 1296 1188 Hyperione
1369 1130 1511 1175 bulen

31 1185 50 1236 ,⁸
283 1188 479 1234 Intrarit
504 1188 726 1234 mandata
755 1201 934 1246 gerens.

30 1240 54 1293 ἓ
90 1308 248 1361 betur
285 1307 419 1361 illud
458 1306 784 1379 ‘negantem'
822 1308 879 1361 in
918 1308 1068 1362 codd.
1107 1308 1369 1361 omnibus.
1423 1308 1565 1378 quod
1605 1313 1667 1362 ut
1704 1309 1790 1363 de·

70 1380 273 1450 nderet‚
311 1380 572 1435 Imhofius
610 1381 667 1434 in
706 1381 1010 1451 scriptionis
1051 1382 1359 1435 scolasticae
1390 1381 1545 1435 Halis
1576 1399 1622 1435 a.
1651 1383 1789 1436 1867

86 1454 192 1508 itae
230 1472 318 1524 pp.
358 1454 504 1508 2-4
547 1454 777 1508 adducta
823 1455 1186 1524 exemplorum
1225 1456 1367 1508 nube
1422 1455 1659 1508 ostendit
1713 1454 1791 1525 (id

95 1527 164 1582 od
187 1545 346 1582 nemo
370 1528 428 1581 in
457 1529 630 1598 poetis
661 1528 845 1581 latinis
875 1529 962 1581 uel
995 1529 1169 1581 obiter
1192 1531 1437 1581 uersatus
1462 1528 1791 1598 ignorabat),

78 1617 238 1671 egare
263 1599 440 1654 alicui'
466 1601 764 1672 significare
798 1601 993 1655 ‘officia
1017 1603 1174 1655 alicui
1199 1601 1528 1654 detrectare'.
1582 1603 1792 1655 reiectis

82 1674 186 1728 'tur
221 1673 447 1728 Auantii
484 1678 540 1728 et
570 1674 796 1728 Domitii
834 1675 1150 1729 commentis
1190 1674 1442 1746 (quorum
1480 1675 1571 1728 ille
1608 1676 1791 1729 rectis·

69 1765 156 1801 me
195 1746 557 1818 ‘nigrantem',
602 1747 690 1801 hic
735 1766 899 1818 praue
946 1747 1262 1801 ‘natantem’
1302 1747 1626 1818 coniecerat)
1666 1750 1791 1802 reti-

26 1820 252 1875 uendam
290 1821 425 1874 dixit
461 1821 720 1875 librorum
761 1822 1082 1890 scripturam
1128 1822 1518 1892 legendumque
1556 1822 1790 1876 remedio

26 1894 224 1948 scilicet
282 1894 484 1948 leniore
545 1893 859 1965 negantem
913 1894 1190 1949 Fluctibus
1252 1895 1485 1948 occiduis
1544 1895 1792 1965 fessoque

26 1963 326 2036 Hyperioni
377 1966 628 2037 Thulen',
688 1986 905 2021 securus
958 1969 1050 2021 ille
1114 1970 1409 2022 sententiae
1464 1970 1624 2038 plane
1677 1987 1793 2038 per·

26 2057 231 2109 uersae3
267 2058 440 2111 neque
477 2041 619 2095 enim
657 2041 829 2094 Thule
861 2041 1097 2110 Phoebo,
1135 2042 1227 2095 sed
1265 2042 1353 2095 hic
1391 2045 1578 2111 utpote
1615 2042 1790 2096 fessus

25 2114 202 2183 potius
238 2113 319 2166 illi
356 2114 588 2184 denegat
624 2114 815 2183 officia,
853 2115 994 2167 unde
1032 2115 1231 2184 legitur
1259 2114 1342 2167 ΠΙ
1379 2115 1429 2182 5,
1462 2116 1534 2168 20
1574 2114 1793 2185 Hespe-

0 2186 132 2259 .‘ae
176 2186 316 2239 uada
361 2187 652 2257 caligantia
698 2186 917 2240 Thules'
964 2191 1020 2240 et
1056 2187 1135 2240 IV
1172 2189 1224 2256 4,
1262 2189 1333 2241 62
1381 2187 1586 2258 ‘nigrae
1632 2190 1793 2242 litora

0 2299 2 2318 .
34 2287 36 2289 ·
63 2258 256 2314 -hules'.
332 2260 481 2314 uides
529 2260 655 2330 quid
695 2259 866 2314 Statio
913 2261 1208 2331 imputetur
1254 2261 1322 2314 ab
1369 2262 1446 2314 eis
1492 2262 1586 2331 qui
1624 2263 1793 2316 uerba

0 2387 2 2397 ,
42 2332 358 2386 'lummodo
405 2337 653 2403 spectant
703 2335 898 2404 quique
943 2353 1087 2387 num*
1118 2335 1176 2387 in
1212 2335 1388 2388 locum
1428 2352 1491 2387 ea
1529 2335 1794 2404 quadrent

0 2444 3 2471 ,
60 2429 77 2475 3:
93 2407 179 2459 uei
209 2406 423 2460 habent.
484 2408 684 2476 optime
715 2411 909 2477 autem,
946 2410 1009 2461 ut
1031 2409 1141 2461 i.-.n
1172 2408 1487 2478 significaui,
1524 2408 1792 2462 Auantius

0 2513 4 2542 ,
39 2510 43 2515 -
70 2482 154 2543 <git
185 2478 542 2549 ‘nigrantem',
580 2498 701 2533 cum
733 2481 914 2534 omnia
943 2482 1060 2534 luce
1093 2482 1359 2534 deficienti
1391 2482 1619 2534 obscura
1649 2486 1792 2535 recte

0 2595 3 2605 .
77 2556 268 2606 cantur
305 2552 499 2623 ‘nigra'
537 2554 624 2606 uel
663 2553 996 2624 ‘nigrantia'3
1034 2555 1195 2607 nimis
1235 2555 1379 2607 enim
1418 2555 1667 2623 suspicax
1704 2555 1792 2609 hic

0 2679 4 2717 ι
70 2642 280 2751 ·.ἒῖἶῗᾱ
282 2625 1259 2794 fii}sffsssslaffigssfimqffiissasffls[
1263 2628 1791 2769 ὼεὲιὲεὲωῗὲὲῖἳῖἳ

0 2785 5 2838 j
39 2772 190 2838 ζήταὺ
226 2770 524 2825 Oceanum'
564 2773 786 2826 meliora
824 2774 1004 2843 potuit
1041 2774 1242 2827 docere.
1318 2776 1485 2826 restat
1520 2775 1687 2844 igitur
1731 2779 1794 2828 ut

0 2843 361 2910 insudemus
398 2863 448 2898 u.
498 2845 570 2899 55
623 2846 851 2898 initium
927 2865 1055 2899 nam
1101 2847 1193 2915 qui
1240 2846 1351 2899 sint
1397 2845 1657 2901 occidui'
1710 2849 1792 2901 illi
