1976 3126
719 160 1062 208 THEBAIDOS
1094 159 1207 208 LIB.
1238 159 1295 209 Χ.
1755 160 1861 215 277

13 287 15 292 ’
60 319 86 355 ,3
174 282 316 340 Ecce
356 282 492 354 dies3
533 286 660 338 tunc
699 302 853 337 arma
891 284 1094 354 palam,
1132 286 1263 337 tunc
1300 282 1501 336 ibimus
1541 281 1759 335 omnes.'

0 357 1 362 ’
62 367 73 432 .ss
175 357 278 412 His
315 357 535 412 tandem
573 357 745 412 virtus
786 358 1040 413 iuvenum
1078 358 1293 411 frenata
1331 356 1560 427 quievit:
1780 367 1865 408 245

175 431 302 486 Non
343 430 504 486 aliter
540 435 691 486 moto
733 450 893 502 quam
936 433 983 486 si
1020 435 1174 502 pater
1212 431 1415 485 Aeolus
1456 434 1613 484 antro

0 523 1 526 ’
175 505 399 561 Portam
438 506 635 560 iterum
677 524 804 560 saxo
844 510 1058 576 premat
1095 506 1417 576 imperiosus
1457 509 1513 559 et
1551 521 1711 559 omne

37 576 98 670 ιζέῗ
178 578 410 634 Claudat
447 580 575 649 iter,
615 580 835 634 iamiam
876 580 1221 650 sperantibus
1262 597 1497 650 aequora
1535 578 1726 632 ventis.

249 653 478 724 Insuper
517 652 844 709 Herculeum
884 655 988 708 sibi
1027 655 1209 726 iungit
1246 654 1482 725 Agyllea
1521 656 1673 706 vates

46 743 78 802 ζῷς
175 728 507 798 Actoraque:
546 728 634 783 hic
673 733 834 799 aptus
874 730 1121 799 suadere,
1159 730 1247 783 hic
1286 729 1483 782 robore
1522 727 1691 781 iactat
1782 740 1868 779 250

175 800 303 856 Non
341 802 566 857 cessisse
604 803 769 875 patri3
809 805 1035 858 comites
1075 804 1250 857 tribus
1292 803 1480 857 ordine
1521 801 1666 855 deni:

10 890 11 895 ’
175 874 522 930 Horrendum
559 876 755 931 Aoniis
796 881 851 931 et
890 883 1081 932 contra
1121 876 1391 931 stantibus
1434 893 1647 947 agmen.

94 986 96 991 ·
174 949 298 1020 Ipse
336 949 465 1005 novi
505 951 755 1022 gradiens
794 952 943 1006 furta
983 953 1051 1007 ad
1089 951 1359 1006 Mavortia
1399 950 1528 1004 belli

38 1023 65 1083 J.
88 1070 93 1099 s
174 1023 339 1078 Ponit
378 1025 628 1079 adoratas
669 1025 947 1095 (Phoebea
985 1024 1246 1098 insignia)
1287 1025 1527 1093 frondes,

175 1098 558 1170 Longaevique
597 1099 747 1154 ducis
788 1102 992 1171 gremio
1033 1100 1376 1156 commendat
1413 1098 1675 1153 honorem
1783 1111 1869 1150 255

42 1158 81 1189 ”³
175 1170 418 1243 Frontis,
457 1178 514 1227 et
553 1174 793 1228 oblatam
831 1176 1107 1246 Polynicis
1146 1193 1366 1229 munere
1406 1177 1562 1244 grato

175 1245 426 1301 Loricam
448 1248 783 1318 galeamque
823 1252 985 1305 subit.
1062 1250 1229 1304 Ferus
1268 1248 1475 1302 Actora
1513 1263 1714 1316 magno

175 1319 323 1375 Ense
362 1325 555 1392 gravat
589 1320 894 1396 Capaneus,
932 1326 1049 1395 ipse
1087 1325 1223 1379 haut
1262 1323 1519 1394 dignatus
1559 1321 1618 1374 in
1657 1320 1870 1374 hostem

175 1394 261 1448 Ire
301 1394 427 1449 dolo
468 1414 795 1467 superosque
835 1400 999 1470 sequi.
1077 1398 1358 1453 Permutat
1396 1395 1665 1467 Agylleus

176 1469 347 1523 Arma
385 1470 553 1525 trucis
584 1470 791 1528 Nomii:
831 1475 958 1545 quid
999 1474 1142 1527 enim
1180 1471 1495 1527 fallentibus
1534 1470 1744 1523 umbris
1785 1482 1871 1523 260

177 1543 351 1598 Arcus
392 1544 787 1603 etHerculeae
826 1550 1096 1603 iuvissent
1134 1548 1280 1601 bella
1319 1544 1591 1616 sagittae?

185 1618 191 1626 '
250 1617 383 1672 Inde
421 1636 519 1689 per
558 1619 818 1690 abruptas
857 1627 1159 1677 castrorum
1200 1641 1263 1676 ex
1303 1636 1504 1691 aggere
1542 1619 1763 1688 pinnas,

177 1689 261 1746 Ne
301 1694 484 1763 gravis
524 1694 789 1752 exclamet
827 1700 1018 1768 portae
1057 1698 1300 1767 mugitus
1340 1695 1568 1763 ahenae,

178 1765 550 1837 Praecipitant
587 1769 752 1843 saltu3
793 1791 891 1826 nec
930 1773 1177 1842 longum,
1218 1775 1274 1825 et
1311 1769 1563 1840 protinus
1602 1766 1793 1837 ingens

179 1839 387 1894 Praeda
426 1842 541 1896 solo
583 1859 678 1896 ceu
717 1847 827 1900 iam
867 1847 1139 1900 exanimes
1179 1846 1458 1913 multoque
1501 1842 1709 1911 peracti
1786 1854 1871 1895 265

179 1913 327 1968 Ense
365 1915 557 1969 iacent.
635 1915 768 1991 ‘Ite,
807 1939 839 1975 0
881 1921 1036 1990 socii,
1076 1936 1411 1990 quacumque
1434 1917 1700 1986 -voluptas

181 1986 376 2042 Caedis
415 1988 791 2064 inexhaustae,
832 1994 1147 2063 superisque
1186 1993 1523 2060 faventibus»,
1562 2008 1680 2059 orn,

182 2059 475 2117 Sufficitel’
515 2063 769 2122 hortatur
806 2069 954 2121 clara
991 2069 1104 2121 iam
1141 2086 1272 2122 voce
1312 2065 1583 2133 sacerdos,

181 2134 450 2191 ‘Cernitis
491 2143 766 2207 expositas
805 2142 954 2212 turpi
993 2160 1238 2196 marcore
1278 2140 1546 2196 cohorteS.

179 2209 285 2264 Pro
324 2211 523 2280 pudor!
563 2211 854 2287 Argolicas
898 2217 1028 2269 hine
1067 2217 1184 2270 ausi
1225 2214 1472 2269 obsidere
1511 2215 1721 2283 portas,
1784 2227 1871 2268 270

180 2283 256 2337 Hi
295 2302 511 2341 servare
549 2288 759 2345 virosP'
815 2290 904 2345 Sic
941 2290 1110 2361 fatuS,
1149 2294 1204 2344 et
1243 2289 1393 2344 exuit
1432 2305 1616 2340 ensem

57 2368 77 2434 ‚J
179 2357 521 2414 Fulmineum
559 2366 856 2435 rapidaque
894 2383 1059 2418 manu
1098 2364 1387 2418 morientia
1424 2361 1623 2415 transit

180 2431 434 2504 Agmina.
510 2434 643 2498 Quis
681 2444 929 2493 numeret
967 2439 1180 2507 caedeS,
1221 2443 1316 2492 aut
1352 2436 1572 2491 nomine
1610 2437 1832 2490 turbam

182 2506 504 2561 Exanimem
545 2509 760 2584 signare
802 2514 1000 2584 queat?
1045 2514 1191 2567 subit
1230 2513 1414 2566 ordine
1452 2509 1604 2563 nullo

182 2578 466 2654 Tergaque
505 2592 833 2658 pectoraque
873 2591 928 2642 et
967 2588 1140 2658 galeis
1179 2588 1389 2641 inclusa
1429 2585 1688 2653 relinquit
1785 2598 1872 2639 275

179 2653 461 2710 Murmura
497 2662 893 2731 permiscetque
930 2679 1100 2732 vagos
1140 2662 1198 2713 in
1238 2661 1502 2731 sanguine
1543 2677 1753 2712 manes:

301 2778 388 2820 248
414 2775 701 2831 spirantibus
724 2781 835 2832 PBp
858 2779 875 2835 ΙΙ
897 2782 984 2824 250
1007 2778 1175 2823 robore
1198 2781 1232 2820 P
1255 2777 1426 2821 robora
1448 2775 1582 2823 ceteri
1603 2776 1619 2831 ΙΙ
1642 2779 1728 2820 256
1752 2774 1874 2820 obli-

183 2845 326 2889 quam
353 2837 387 2876 P
424 2835 440 2891 ΙΙ
477 2841 564 2882 262
595 2850 686 2895 sqq.
731 2835 799 2892 Of.
850 2837 980 2896 Very.
1019 2837 1135 2883 Aen.
1177 2837 1268 2880 IX
1297 2839 1385 2881 314
1408 2850 1497 2895 sqq.
1537 2835 1554 2890 ΙΙ
1592 2838 1677 2879 262
1708 2837 1873 2892 portas

182 2895 216 2934 P
238 2893 254 2951 ΙΙ
277 2896 364 2938 274
395 2894 552 2940 subito
581 2900 615 2938 P
