1976 3094
732 677 798 736 P.
848 672 1157 734 PAPINII
1205 674 1469 735 STATII
1642 732 1645 735 .
1967 679 1976 823 Ι

665 819 1544 902 THEBAIDOS

903 997 1292 1052 LIBERIV.

333 1221 551 1275 Tertius
590 1221 904 1275 horrentem
943 1220 1204 1291 Zephyris
1245 1221 1525 1274 laxaverat
1563 1239 1766 1276 annum

256 1295 510 1350 Phoebus
550 1298 604 1348 et
644 1298 878 1366 angusto
920 1296 1152 1365 cogebat
1189 1296 1363 1349 limite
1401 1314 1625 1350 vernum

255 1370 497 1441 Longius
535 1370 614 1423 ire
654 1369 820 1439 diem,
860 1388 982 1423 cum
1020 1369 1196 1424 fracta
1232 1369 1572 1440 impulsaque
1609 1369 1740 1423 fatis

258 1443 502 1499 Consilia
542 1446 597 1497 et
634 1444 855 1497 tandem
894 1444 1107 1498 miseris
1147 1443 1278 1499 data
1317 1444 1474 1515 copia
1512 1444 1656 1498 belli.

257 1518 442 1572 Prima
480 1537 645 1572 manu
682 1518 907 1573 rutilam
945 1519 1010 1573 de
1048 1519 1250 1573 vertice
1289 1517 1543 1572 Larisaeo
1923 1530 1948 1572 5

259 1591 512 1647 Ostendit
549 1592 781 1646 Bellona
817 1593 994 1647 facem
1032 1593 1324 1663 dextraque
1362 1593 1631 1646 trabalem

258 1666 494 1720 Hastam
531 1667 754 1720 intorsit
794 1684 984 1737 agens,
1022 1666 1230 1736 liquido
1271 1685 1406 1737 quae
1447 1666 1676 1721 stridula
1715 1666 1864 1721 caelo

257 1740 428 1812 Fugit
467 1743 521 1794 et
559 1740 768 1795 Aoniae
807 1742 950 1794 celso
992 1741 1146 1794 stetit
1183 1757 1382 1812 aggere
1421 1741 1624 1795 Dirces,

258 1814 390 1868 Mox
429 1818 483 1867 et
523 1818 702 1869 castra
741 1816 888 1869 subit
925 1815 1175 1885 ferroque
1214 1833 1452 1884 auroque
1492 1815 1728 1869 coruscis

260 1888 436 1942 Mixta
473 1889 603 1942 viris
642 1889 875 1943 turmale
913 1889 1122 1958 fremit3
1159 1889 1252 1943 dat
1292 1889 1543 1943 euntibus
1585 1907 1766 1959 enses,
1898 1903 1950 1944 10

262 1963 481 2017 Plaudit
520 1981 711 2033 equos,
752 1966 911 2017 vocat
951 1963 1019 2016 ad
1054 1966 1268 2033 portas;
1306 1963 1618 2018 hortamina
1655 1963 1824 2018 fortes

258 2037 641 2104 Praeveniunt‚
682 2037 992 2107 timidisque
1034 2037 1198 2091 etiam
1237 2037 1417 2091 brevis
1458 2037 1641 2091 addita
1680 2038 1865 2093 virtus,
1973 2049 1976 2061 ¹

334 2111 500 2165 Dicta
539 2111 651 2165 dies
693 2111 894 2165 aderat.
972 2110 1131 2165 Cadit
1170 2112 1365 2183 ingens
1403 2112 1507 2166 rite
1546 2111 1783 2167 Tonanti

262 2185 606 2257 Gradivoque
644 2204 807 2256 pecus
816 2228 830 2256 ‚
870 2186 1142 2256 nullisque
1181 2186 1443 2240 secundus
1482 2186 1540 2239 in
1579 2187 1717 2240 extis

263 2260 445 2314 Pallet
484 2264 539 2313 et
579 2261 804 2313 armatis
845 2259 1066 2313 simulat
1105 2278 1321 2330 sperare
1360 2261 1622 2314 sacerdos,
1898 2273 1951 2314 15

262 2333 488 2403 Iamque
529 2352 654 2388 suos
697 2335 895 2388 circum
933 2335 1087 2403 pueri
1124 2337 1430 2404 nuptaeque
1468 2337 1757 2405 patresque

261 2407 586 2461 Funduntur
624 2408 782 2460 mixti
822 2409 1150 2478 summisque
1192 2427 1224 2461 a
1260 2409 1511 2478 postibus
1552 2409 1786 2463 obstant.

263 2480 380 2535 Nec
419 2482 608 2536 modus
651 2485 734 2535 est
772 2482 1032 2535 lacrimis:
1072 2486 1262 2536 rorant
1301 2482 1566 2552 clipeique
1604 2483 1870 2553 iubaeque

385 2632 407 2671 1
442 2641 588 2670 annus
613 2632 645 2669 P
668 2629 684 2684 ΙΙ
707 2632 733 2671 2
767 2628 967 2684 angusto
992 2632 1025 2670 P
1056 2629 1309 2685 angustum
1339 2629 1472 2673 ceteri
1498 2631 1504 2683 Ι
1530 2640 1725 2672 vernum
1747 2633 1780 2670 P
1811 2641 1951 2672 verno

265 2689 399 2731 ceteri
443 2700 610 2730 vernus
650 2686 978 2742 Baehrensius,
1027 2686 1154 2731 diem
1200 2689 1262 2733 ad
1306 2687 1574 2731 horrentem
1621 2692 1663 2733 et
1702 2689 1954 2744 angustum

264 2746 460 2800 referens
483 2748 498 2803 ΙΙ
521 2751 549 2789 4
589 2744 771 2789 miseris
804 2750 877 2789 PI.
907 2746 1067 2790 miseri
1096 2746 1250 2790 Be‘ffl
1286 2746 1541 2791 miserandi
1571 2747 1707 2804 copia
1735 2751 1762 2789 b
1786 2747 1913 2792 Dan.
1938 2749 1952 2804 ΙΙ

267 2809 293 2849 8
327 2804 492 2848 aoniae
520 2809 597 2847 PG
640 2805 864 2850 adversae
894 2805 1047 2848 Bam
1076 2806 1091 2862 ΙΙ
1124 2811 1179 2850 11
1210 2804 1476 2850 hortamine
1507 2811 1540 2849 P
1562 2806 1578 2865 Η
1603 2811 1657 2851 16
1687 2807 1953 2864 nuptaeque

271 2867 442 2908 PGRJt
479 2863 800 2921 innuptaeque
835 2864 946 2907 (3211
975 2863 1249 2921 innubtaeq.
1282 2869 1315 2908 B
