1956 3086
580 193 866 240 EDITORIS
897 192 1256 239 PRAEFATIO.
1730 208 1813 237 xm

47 316 231 367 tamen
267 328 516 383 acumen,
553 316 614 367 ut
650 313 763 367 fere
801 313 887 381 fit,
924 311 1069 366 haud
1107 329 1229 366 raro
1266 311 1426 364 nimis
1464 311 1554 365 ille
1584 310 1817 364 intendit

48 403 216 457 eoque
274 386 465 442 relicta
525 386 758 456 simplici
811 386 1065 439 ueritate·
1094 385 1159 438 ad
1220 384 1361 438 falsa
1414 384 1664 454 delapsus
1718 388 1815 438 est.

49 459 292 529 exemplo
331 476 444 514 rem
483 459 775 514 ostendam.
815 459 935 512 silu.
966 458 991 511 I
1025 458 1074 527 3,
1107 459 1179 512 50
1210 475 1287 528 sq.
1324 458 1456 512 haec
1486 457 1651 527 uulgo
1691 461 1815 510 ante

46 535 287 587 nostram
328 532 617 587 editionem
656 532 994 603 legebantur·

257 660 487 731 Quicquid
520 662 569 709 et
599 662 792 721 argento
823 662 1025 720 primum
1056 661 1133 707 uel
1162 662 1210 706 in
1240 674 1346 707 aere
1377 659 1582 719 Myronis

253 719 388 767 Lusit
417 721 466 766 et
496 733 704 767 enormes
735 734 900 766 manus
932 723 979 766 et
1010 722 1203 778 experta
1233 720 1447 766 colossos.

22 854 217 909 2sensit
253 852 599 908 Marklandus
638 853 920 924 Myronem
968 872 1076 908 non
1114 856 1256 907 recte
1296 870 1539 907 enormes
1580 854 1818 909 colossos

22 931 325 998 expertum
366 946 483 983 esse
531 928 636 982 dici
675 929 832 1017 (nam
863 927 1110 982 Romana
1149 930 1291 981 certe
1331 927 1627 996 antiquitas
1666 927 1817 998 igno-

45 1001 189 1055 rauit
214 1000 328 1054 eius
363 1002 494 1071 ἔργα
533 998 872 1073 κολοσσικά),
912 1001 1002 1054 sed
1028 1001 1188 1054 nimis
1215 1002 1330 1054 erat
1354 1003 1542 1054 acutus
1568 1000 1819 1070 adiciens,

47 1073 272 1129 colossis
311 1074 419 1128 illis
459 1092 569 1129 non
607 1075 781 1128 locum
821 1074 987 1129 fuisse
1019 1075 1162 1128 intra
1193 1072 1413 1143 Uopisci
1453 1074 1636 1142 aedes;
1676 1092 1817 1128 cum·

47 1164 149 1219 que
188 1164 350 1218 porro
390 1165 454 1202 ex
483 1147 726 1218 Myronis
760 1147 1267 1202 commemoratione
1307 1147 1646 1201 concluderet
1683 1148 1818 1202 alios

40 1236 258 1292 :quoque
298 1221 530 1275 artifices
570 1224 907 1291 praestantes
938 1222 1258 1275 nominatim
1289 1216 1455 1274 fuisse
1489 1221 1819 1291 adferendOS,

42 1292 130 1349 his
164 1294 215 1348 al
218 1294 390 1365 iisque
422 1294 596 1349 causis
633 1294 698 1348 ad
733 1295 876 1348 iusto
909 1294 1232 1348 uiolentiora
1262 1294 1531 1348 molienda
1561 1294 1818 1348 adductus

28 1319 144 1499 ξπ.
212 1367 452 1438 neglexit
489 1368 656 1438 igitur
694 1368 992 1438 simplicem
1030 1367 1521 1436 ratiocinationem,
1561 1386 1697 1437 quae
1736 1373 1820 1422 est

85 1458 199 1496 aec.
249 1439 489 1511 Myronis
536 1441 773 1495 colossos
821 1459 931 1495 non
986 1441 1229 1511 cognitos
1283 1441 1518 1494 habuere
1566 1441 1819 1511 Romani3

45 1521 153 1579 jon
203 1517 332 1583 apta
378 1517 461 1568 est
507 1515 666 1568 unius
713 1514 937 1568 alicuius
993 1515 1215 1568 artificis
1270 1515 1707 1568 commemoratio
1763 1515 1816 1568 in

73 1606 161 1642 am
207 1587 443 1659 generali
490 1587 759 1642 uariorum
812 1606 1031 1657 operum
1086 1587 1533 1658 metallorumque
1587 1588 1817 1658 descrip-

73 1661 218 1730 ione3
265 1659 492 1715 absurde
531 1661 671 1714 inter
718 1679 773 1715 se
821 1664 1165 1745 opponuntur
1202 1677 1288 1714 aes
1334 1666 1446 1714 tam
1486 1660 1626 1715 nude
1675 1662 1816 1731 posi·

38 1734 162 1789 {tum
217 1736 271 1788 et
326 1750 553 1788 enormes
606 1734 808 1804 colossi,
864 1735 1060 1805 quippe
1109 1734 1199 1804 qui
1239 1753 1302 1787 ex
1342 1753 1462 1787 aere
1508 1735 1819 1805 plerumque

28 1799 380 1878 fingerentur
420 1810 476 1861 et
513 1807 633 1876 ipsi.
712 1826 774 1861 ex
812 1807 898 1860 his
938 1808 1238 1861 rationibus
1281 1808 1541 1877 equidem,
1579 1808 1673 1861 ubi
1711 1809 1817 1877 pri-

44 1898 195 1934 mum
227 1884 350 1934 ante
382 1879 483 1934 hos
516 1883 637 1934 octo
671 1899 838 1934 annos
872 1879 1105 1935 Statium
1146 1881 1322 1951 attigi,
1362 1882 1437 1934 sic
1479 1881 1815 1935 scribendum

47 1954 257 2025 putaui:

257 2097 487 2155 Quicquid
517 2100 566 2143 et
596 2099 792 2156 argento
822 2098 1038 2155 primum,
1069 2099 1145 2143 uel
1175 2098 1225 2142 in
1256 2112 1361 2143 aere
1391 2100 1563 2143 minore

254 2156 389 2202 Lusit
418 2158 467 2202 et
497 2170 705 2202 enormes
735 2170 899 2201 manus
933 2158 1004 2201 est
1033 2158 1225 2213 experta
1255 2157 1470 2202 colossos.

28 2291 158 2345 riam
205 2290 345 2343 enim
394 2293 539 2344 recte
588 2308 651 2343 ex
697 2291 968 2344 contrario
1017 2291 1120 2343 sibi
1178 2290 1398 2343 obstant
1449 2308 1573 2344 aera
1616 2294 1821 2346 minora

48 2368 106 2420 et
149 2379 375 2418 enormes
419 2364 597 2417 colossi
641 2363 852 2437 iamque
899 2367 1041 2417 recte
1104 2364 1198 2416 illa
1246 2364 1442 2431 lusisse,
1495 2364 1594 2418 hos
1649 2367 1822 2418 multa

79 2438 255 2491 cilicet
301 2453 420 2490 cum
467 2454 594 2489 cura
639 2441 844 2504 experta
891 2455 1006 2490 esse
1054 2437 1320 2490 artificum
1366 2455 1556 2490 manus
1604 2438 1819 2509 dicitur3

86 2509 419 2579 ccipiendum
461 2514 545 2563 est
585 2513 764 2562 autem
803 2510 935 2563 illud
977 2509 1246 2579 ‘primum'
1288 2511 1682 2579 significatione
1711 2530 1821 2565 non

111 2584 313 2637 usitata
335 2600 431 2652 pro
458 2582 812 2651 primarium’
845 2583 1176 2653 adiciturque
1208 2587 1335 2651 post
1368 2583 1656 2653 quicquid'
1688 2586 1821 2638 illud

71 2673 314 2710 enormes
345 2655 603 2710 colossos'
643 2657 1040 2710 constructione
1081 2656 1295 2725 quidem
1334 2656 1602 2726 liberiore,
1642 2658 1780 2711 sed
1764 2677 1821 2711 ιιι

91 2724 227 2783 tatio
280 2729 576 2783 toleranda.
657 2746 755 2782 nec
800 2730 1141 2783 mediocriter
1193 2729 1368 2782 hercle
1422 2732 1640 2800 gauisus
1688 2749 1821 2798 sum,

82 2821 172 2856 um
223 2802 360 2855 hanc
414 2802 772 2855 coniecturam
825 2807 1013 2872 postea
1065 2803 1133 2855 ab
1196 2803 1327 2870 ipsis
1382 2803 1653 2857 codicibus
1708 2774 1821 2858 uidi

51 2875 444 2943 confirmatam3
495 2875 747 2928 exhibent-
794 2877 935 2928 enim
978 2875 1081 2928 ‘uel
1120 2876 1175 2928 in
1214 2893 1334 2929 aere
1374 2877 1606 2946 minori',
1643 2877 1819 2930 fluxit-

28 2970 62 3086 Κ
