2020 3106
732 711 797 769 P.
848 707 1158 769 PAPINII
1205 708 1470 769 STATII

665 855 1544 938 'RHEBAIDOS

915 1032 1282 1088 LIBERII.

245 1311 248 1314 ,
325 1256 543 1309 Interea
584 1257 776 1328 gelidis
814 1256 964 1311 Maia
1005 1260 1155 1310 satus
1197 1257 1371 1326 aliger
1408 1256 1617 1309 umbris

249 1330 406 1383 Iussa
446 1347 637 1400 gerens
678 1332 864 1401 magni
903 1334 1110 1384 remeat
1147 1331 1318 1401 Iovis3
1358 1330 1591 1400 undique
1631 1330 1822 1401 pigrae

247 1403 335 1458 Ire
374 1407 562 1458 vetant
599 1407 772 1459 nubes
824 1409 879 1458 et
916 1405 1164 1475 torpidus
1204 1405 1449 1475 implicat
1489 1423 1601 1474 aer,

248 1477 363 1531 Nec
402 1479 621 1548 zephyri
659 1498 885 1549 rapuere
925 1480 1175 1550 gradum,
1215 1480 1308 1533 sed
1346 1479 1505 1533 foeda
1546 1479 1755 1532 silenssis

248 1553 398 1605 Aura
429 1554 559 1622 poli.
638 1552 776 1622 Styx
815 1553 940 1606 inde
978 1572 1175 1607 novem
1215 1553 1529 1607 circumflua
1570 1554 1799 1622 campffi,
1915 1566 1941 1606 5

247 1626 391 1679 Hine
431 1627 646 1680 obieeta
684 1628 801 1681 vias
841 1632 1148 1681 torren'num
1187 1627 1436 1681 incendia
1474 1627 1706 1681 cludunt.

246 1700 396 1753 Pone
439 1719 601 1753 senex
638 1702 853 1771 izrepida
893 1701 1132 1755 succedit
1169 1701 1333 1754 Laius
1372 1702 1566 1754 umbra

246 1774 485 1827 Vulnere
525 1776 711 1828 tardus
754 1776 948 1844 adhue3
990 1775 1184 1845 capulo
1224 1793 1352 1828 nam
1391 1775 1599 1844 largius
1638 1775 1722 1827 illi

247 1848 561 1902 Transabiit
601 1852 779 1902 eosizas
819 1851 1069 1919 cognatis
1106 1850 1305 1903 ictibus
1346 1850 1492 1902 ensis

245 1921 452 1992 Impius
463 1964 478 1992 ‚
521 1926 575 1976 et
612 1924 816 1992 primas
855 1923 1142 1976 Furiarum
1182 1923 1411 1993 pertulit
1448 1924 1580 1993 iras3
1884 1937 1940 1977 10

245 1996 297 2048 It
336 1999 522 2049 tamen
561 2000 615 2049 et
647 1997 856 2051 medica
893 1998 1076 2051 firmat
1113 1998 1346 2067 vestigia
1384 1998 1555 2067 virga.

245 2070 382 2122 Tum
424 2071 635 2124 skeriles
676 2073 784 2124 luci
824 2090 1180 2141 possessaque
1221 2071 1472 2125 manibus
1511 2089 1642 2125 arva

244 2144 320 2197 Et
359 2144 729 2215 ferrugineum
767 2164 957 2200 nemus
999 2147 1292 2215 adstupet,
1314 2147 1540 2216 ipsaque
1578 2146 1741 2199 tellus

244 2217 478 2272 Miratur
516 2220 758 2288 patuisse
797 2223 943 2274 retro
953 2262 968 2290 ‚
1006 2239 1102 2274 nec
1142 2221 1310 2274 livida
1348 2221 1506 2274 tabes

151 2305 157 2309 ·
243 2291 487 2346 Invidiae
526 2294 728 2347 functis
769 2313 1097 2365 quamquam
1137 2298 1190 2347 et
1228 2294 1341 2347 iam
1379 2294 1583 2347 lumine
1623 2293 1791 2347 cassis
1883 2305 1936 2346 15

244 2365 447 2420 Defuit.
523 2366 677 2421 Unus
717 2369 794 2422 ibi
834 2372 960 2422 ante
1001 2369 1159 2438 alios,
1199 2369 1284 2422 cui
1322 2368 1480 2422 laeva
1518 2368 1773 2422 volunssas

245 2437 469 2509 Semper
511 2444 564 2493 eb
603 2442 671 2494 ad
712 2460 935 2511 superos
977 2441 1127 2513 (hine
1167 2446 1222 2495 eb
1261 2443 1443 2512 gravis
1484 2441 1677 2523 exiizus·
1701 2439 1847 2512 aevi)

364 2591 389 2630 2
417 2600 482 2642 sq.
521 2586 746 2643 ‘undique
772 2614 827 2619 --
854 2588 951 2632 aer’
990 2588 1138 2634 Serv.
1173 2587 1234 2631 ad
1264 2586 1379 2632 Aen.
1412 2587 1478 2632 VI
1509 2591 1608 2632 554.

364 2725 389 2764 3
423 2719 639 2777 torpidus
678 2720 988 2766 Baehrensius
1026 2720 1242 2777 turpidus
1282 2736 1305 2763 1·
1343 2718 1560 2764 turbidus
1598 2723 1727 2762 PBM
1766 2718 1887 2765 Serv.
1922 2718 1937 2777 Η

243 2782 269 2821 5
304 2778 572 2823 circumflua
602 2778 717 2836 ripis
749 2779 987 2825 Bentleius
1017 2782 1032 2836 ΙΙ
1064 2785 1089 2824 9
1121 2778 1391 2824 Transabiit
1422 2778 1627 2823 animam
1655 2783 1688 2821 P
1715 2781 1721 2834 Ι
1751 2777 1934 2822 actibus

241 2837 547 2942 Illi'ffvthgpllgfizg'us
585 2841 600 2895 ΙΙ
641 2844 695 2883 10
730 2839 779 2883 et
808 2839 968 2897 privas
1000 2839 1307 2884 Baehrewsius
1344 2841 1360 2896 ΙΙ
1403 2843 1455 2882 17
1488 2843 1529 2883 et
1563 2843 1616 2882 18
1649 2839 1935 2894 transposuit
