1976 3126
632 169 977 218 THEBAIDOS
1007 171 1119 219 LlB.
1152 170 1272 217 vm.
1685 170 1794 226 233

107 292 371 363 Cassidis,
408 293 544 348 haut
583 293 789 348 laetum
829 294 1048 349 domino
1087 294 1198 347 ruit
1237 310 1417 348 omen:
1457 293 1638 347 inusta

108 368 466 440 Temporibus
506 367 651 422 nuda
684 386 810 422 aera
848 368 1057 439 sedent,
1096 368 1400 439 circumque
1439 369 1622 422 sonori

107 442 327 498 Vertice
365 460 622 513 percusso
662 443 956 496 volvuntur
995 444 1052 497 in
1093 461 1244 497 arma
1282 442 1531 497 molares,
1701 455 1787 497 ‘110

103 521 219 571 Iam
257 534 414 572 cruor
451 517 511 571 in
550 517 726 587 galea,
766 517 876 571 iam
915 518 1100 572 saucia
1138 517 1342 587 proluit
1381 521 1498 571 ater

103 590 330 647 Pectora
368 592 670 662 permixtus
710 591 904 645 sudore
946 595 1001 646 et
1040 593 1303 664 sanguine
1341 595 1571 646 torrens.

40 718 41 721 ,
101 665 348 737 Respicit
385 665 670 721 hortantes
711 665 887 719 socios
927 668 982 719 et
1019 666 1243 719 Pallada
1280 665 1467 735 fidam,

100 739 343 812 Longius
384 741 636 813 opposita
676 741 1185 794 celantem‘lumina
1224 758 1436 810 parma:
1541 744 1564 775 ⁸

42 857 43 870 ἢ
103 813 228 869 Ibat
266 816 410 870 enim
449 832 709 887 magnum
748 815 988 869 lacrimis
1028 815 1300 869 inflectere
1340 818 1565 884 patrem.
1706 827 1792 869 716

42 903 43 910 ’
177 888 318 944 Ecce
357 891 505 944 secat
542 888 805 959 zephyros
845 890 1123 959 ingentem
1161 889 1403 942 fraxinus
1441 890 1577 942 iram

103 961 511 1034 Fortunamque
550 963 750 1033 ferens,
789 963 888 1017 teli
927 982 1037 1018 non
1077 964 1278 1018 eminet
1318 967 1528 1017 auctor:

102 1037 390 1092 Astacides
430 1037 775 1107 Melanippus
817 1041 955 1108 erat,
991 1057 1091 1093 nec
1129 1037 1371 1109 prodidit
1409 1037 1547 1107 ipse,

101 1109 178 1165 Et
215 1112 381 1167 vellet
418 1112 644 1167 latuisse
682 1130 929 1182 manum,
969 1113 1060 1165 sed
1100 1112 1301 1183 gaudia
1339 1115 1548 1166 turmae

46 1212 47 1249 ς
101 1185 486 1242 Monstrabant
522 1187 815 1257 trepidum3
853 1205 982 1240 nam
1021 1187 1189 1241 flexus
1229 1188 1283 1239 in
1321 1186 1419 1240 ilia
1451 1186 1666 1256 Tydeus
1706 1199 1793 1240 ‘120

0 1274 2 1278 ’
48 1327 49 1330 ¹
104 1259 445 1316 Submissum
482 1262 628 1315 latus
667 1265 723 1314 et
762 1260 921 1330 clipei
959 1262 1240 1315 laxaverat
1278 1261 1481 1316 orbem.

102 1333 409 1390 Clamorem
447 1334 613 1389 Aonii
651 1335 882 1389 miscent
922 1336 1289 1407 gemitumque
1329 1334 1570 1405 Pelasgi,

91 1408 499 1480 ,Obiectantque
538 1427 729 1463 manus
769 1409 1250 1480 indignantemque
1290 1413 1525 1464 tuentur.

50 1482 51 1508 ³
101 1483 201 1538 Ille
239 1502 336 1554 per
374 1484 655 1554 oppositos
695 1484 858 1556 longe
896 1484 1125 1538 rimatus
1167 1501 1409 1537 amarum

101 1557 421 1628 Astaciden,
459 1558 595 1612 totis
636 1558 847 1612 animae
889 1576 944 1612 se
985 1558 1136 1630 cogit
1173 1559 1228 1612 in
1266 1559 1434 1612 ictum
1706 1570 1792 1611 725

99 1631 367 1703 Reliquiis
405 1633 684 1703 telumque
722 1634 873 1703 iacit,
913 1633 1057 1703 quod
1095 1633 1372 1702 proximus
1411 1632 1656 1702 Hopleus

0 1691 23 1738 '.
53 1729 55 1774 f
100 1705 454 1762 Praebuerat:
492 1708 637 1778 perit
677 1725 963 1777 expressus
1004 1708 1283 1762 conamine
1324 1707 1562 1778 sanguia.

53 1782 56 1819 ἶ
102 1779 252 1835 Tunc
289 1781 475 1836 tristes
516 1782 647 1836 socii
687 1781 938 1853 cupidum
977 1782 1183 1835 bellare
1224 1780 1368 1851 (quis
1408 1780 1617 1850 ardorl)

0 1850 1 1859 ’
55 1874 57 1879 ⁴
101 1852 175 1908 Et
213 1858 526 1925 poscentem
562 1855 750 1910 hastas
790 1856 1072 1927 mediaque
1111 1856 1168 1909 in
1207 1860 1381 1910 morte
1420 1861 1711 1926 negantem

101 1927 364 1998 Expirare
402 1928 651 1996 trahunt,
690 1930 993 1999 summique
1033 1931 1089 1982 in
1127 1930 1375 2000 margine
1415 1930 1593 2000 campi
1705 1943 1792 1983 ‘130

99 2002 369 2057 Effultum
407 2002 626 2073 gemina
662 2003 838 2057 latera
875 2004 1196 2057 inclinantia
1234 2022 1425 2073 parma

101 2076 343 2147 Ponunt,
382 2095 445 2131 ac
485 2077 633 2131 saevi
670 2077 969 2130 rediturum
1008 2078 1075 2130 ad
1114 2078 1321 2147 proelia
1358 2077 1554 2130 Martis

101 2150 437 2205 Promittunt
476 2151 684 2205 flentes,
761 2150 863 2205 Sed
903 2155 958 2205 et
995 2152 1113 2221 ipse
1151 2151 1396 2205 recedere
1436 2151 1646 2204 caelum

101 2225 463 2296 Ingentesque
503 2226 713 2279 animos
753 2229 994 2280 extremo
1033 2226 1239 2296 frigore
1278 2226 1391 2279 labi

102 2297 309 2369 Sensit,
349 2304 404 2354 et
442 2300 657 2354 innixus
695 2302 872 2353 terrae
912 2298 1300 2354 ‘miserescite'
1340 2300 1562 2371 clamat,
1706 2312 1792 2354 735

104 2372 437 2427 ‘Inachidaet
475 2392 584 2427 non
624 2393 750 2427 ossa
788 2392 976 2444 precor
1014 2375 1318 2428 referantur
1354 2376 1417 2427 ut
1456 2374 1637 2443 Argos

27 2468 34 2492 ·›
99 2446 422 2502 Aetolumve
461 2449 653 2519 larem3
693 2467 792 2502 nec
831 2449 975 2502 enim
1015 2449 1151 2502 mihi
1191 2467 1320 2502 cura
1360 2449 1598 2517 supremi

91 2619 105 2666 J
226 2613 310 2654 708
341 2607 495 2653 inulta
524 2613 558 2651 P
588 2610 604 2665 ΙΙ
638 2613 722 2653 715
759 2622 936 2667 magnu
964 2614 998 2652 P
1027 2611 1044 2667 ΙΙ
1076 2614 1161 2654 718
1198 2609 1497 2667 menalippus
1534 2609 1661 2654 codd.
1693 2608 1791 2653 edd.

47 2717 52 2727 1
98 2664 397 2726 Melanippus
429 2681 543 2714 corr.
572 2668 792 2714 Menkius
822 2670 920 2716 coll.
944 2670 1102 2715 Aesch.
1129 2669 1247 2725 Sept.
1274 2683 1313 2714 v.
1339 2673 1432 2715 397
1455 2669 1668 2726 Apollod.
1694 2666 1797 2710 III

48 2734 52 2773 ξ
100 2729 146 2783 6,
178 2732 225 2783 8,
258 2730 287 2773 3
319 2726 527 2773 Pausan.
560 2727 646 2771 IX
675 2732 753 2783 18,
785 2732 812 2772 1
836 2729 1006 2774 Herod.
1039 2728 1083 2772 V
1102 2733 1179 2783 67,
1203 2732 1232 2772 4
1257 2729 1326 2783 Cf.
1351 2728 1483 2783 infra
1507 2731 1599 2774 740
1623 2727 1712 2771 IX
1732 2725 1794 2783 SM

48 2794 53 2845 ς
103 2789 188 2831 719
221 2787 271 2831 et
300 2785 477 2844 gaudia
499 2791 532 2829 P
555 2788 570 2843 ΙΙ
596 2791 681 2831 722
713 2786 823 2831 aoni
844 2792 877 2831 P
900 2790 917 2846 ss
941 2793 1026 2832 723
1051 2792 1090 2832 et
1117 2793 1203 2832 724
1234 2789 1286 2832 in
1309 2792 1342 2830 P
1372 2789 1492 2832 inter
1513 2801 1558 2831 se
1580 2792 1790 2843 transpo-

48 2858 55 2887 ι
101 2845 182 2891 siti
218 2846 432 2904 loquatur
469 2847 485 2902 ΙΙ
527 2851 611 2890 726
652 2845 848 2902 ophleus
878 2851 912 2890 P
951 2847 1149 2905 oppleus
1191 2851 1263 2889 SG
1293 2847 1308 2903 ΙΙ
1341 2852 1424 2891 731
1458 2845 1620 2904 palma
1649 2851 1681 2888 P
1713 2858 1792 2902 pr.

12 2927 14 2930 <
51 2923 55 2946 '7
101 2916 158 2950 m.
182 2905 199 2962 ΙΙ
223 2909 307 2950 '232
340 2917 396 2950 ac
429 2904 551 2949 safui
581 2909 614 2947 P
637 2908 652 2963 {l
678 2911 762 2950 733
795 2907 844 2950 et
872 2919 957 2952 om.
991 2913 1017 2950 S
1045 2910 1051 2963 Ι
1079 2906 1234 2964 ipsum
1264 2910 1341 2948 PG
1369 2908 1376 2963 Ι
1404 2905 1570 2950 cedere
1602 2910 1638 2947 G
