1976 3094
617 171 962 220 THEBAIDOS
993 171 1104 218 LIB.
1137 171 1192 218 11.
1671 172 1745 224 49

53 299 332 355 Monstrat
371 296 510 351 silva
547 296 724 366 nefas,
761 296 987 349 horrent
1024 295 1204 349 vicina
1241 294 1452 349 iuvenci

58 373 340 442 Gramina,
381 370 650 425 damnatis
692 370 908 425 avidum
948 388 1110 440 pecus
1152 369 1389 423 abstinet
1427 366 1627 421 herbis.
1661 379 1748 420 520

57 447 185 504 Non
201 445 476 517 Dryadum
504 445 684 515 placet
707 445 900 499 umbra
925 443 1121 513 choris,
1144 462 1253 497 non
1277 442 1559 498 commoda
1580 441 1748 495 saeris

59 521 390 590 Faunorum,
429 519 683 591 diraeque
724 519 888 573 etiam
927 518 1115 588 fugere
1156 518 1400 572 volucres

60 594 370 667 Prodigiale
409 612 613 649 nemus.
691 592 894 647 Tacitis
934 592 1039 646 huc
1081 593 1357 662 gressibus
1398 591 1505 645 acti

61 669 370 726 Deveniunt
406 669 647 738 peritura
687 667 905 738 cohors,
945 668 1263 737 hostemque
1304 666 1594 735 superbum

62 743 265 799 Adnixi
305 742 495 797 iaculis
536 746 589 795 et
627 742 778 795 humi
816 741 997 811 posita
1037 759 1187 794 arma
1225 743 1470 794 tenentes
1668 751 1753 791 525

64 817 370 889 Expectant
407 817 678 887 densaque
717 833 906 870 nemus
948 816 1185 870 statione
1225 818 1501 869 coronant.

139 890 408 962 Coeperat
444 892 652 944 umenti
691 891 972 945 Phoebum
1013 891 1295 944 subtexere
1335 889 1482 958 palla

65 964 190 1021 Nox
231 969 284 1020 et
324 966 628 1019 caeruleam
668 966 825 1018 terris
865 964 1139 1019 infuderat
1176 965 1442 1017 umbram.

66 1040 169 1095 Ille
207 1040 612 1112 propinquabat
652 1039 805 1093 silvis
847 1043 901 1092 et
941 1040 1008 1092 ab
1051 1056 1249 1110 aggere
1289 1038 1431 1092 celso

70 1113 237 1170 Scuta
275 1114 451 1169 virum
492 1114 790 1184 cristasque
831 1114 980 1167 videt
1019 1113 1244 1166 rutilare
1285 1115 1578 1178 comantes,
1672 1122 1759 1162 530

71 1188 189 1253 Qua
227 1189 416 1244 laxant
453 1189 595 1242 rami
633 1206 820 1242 nemus
862 1188 1193 1257 adversaque
1234 1188 1331 1240 sub
1375 1186 1569 1239 umbra

70 1261 379 1319 Flammeus
421 1263 621 1317 aeratis
660 1263 817 1316 lunae
858 1266 1059 1316 tremor
1100 1266 1245 1315 errat
1283 1261 1340 1314 in
1382 1260 1561 1314 armis,

72 1337 355 1407 Obstipuit
392 1337 550 1406 visis,
589 1337 705 1390 ibat
743 1340 952 1406 tamen,
991 1336 1212 1389 horrida
1251 1339 1466 1388 tantum

74 1411 295 1482 Spicula
335 1413 389 1464 et
427 1411 697 1465 inclusum
737 1411 929 1480 capulo
970 1414 1128 1463 tenus
1170 1410 1423 1463 admovet
1463 1426 1669 1475 ensem,

79 1485 160 1540 Ac
199 1486 346 1556 prior
378 1483 558 1555 ‘unde,
595 1485 721 1555 viri,
761 1486 954 1555 quidve
996 1485 1279 1539 occultatis
1312 1485 1369 1536 in
1403 1481 1624 1536 armis?
1680 1495 1766 1535 535

78 1558 206 1614 Non
242 1559 439 1614 humili
474 1562 683 1614 terrore
721 1564 897 1630 rogat.
972 1558 1087 1612 Nec
1126 1559 1336 1612 reddita
1376 1563 1564 1611 contra

78 1633 226 1704 Vox,
264 1634 534 1705 fidamque
573 1638 778 1705 negant
819 1637 1071 1704 suspecta
1111 1634 1327 1686 silentia
1363 1650 1567 1701 pacem.

75 1707 222 1779 *Ecce
261 1711 443 1762 autem
480 1712 636 1763 vasto
678 1707 940 1762 Chthonii
978 1711 1226 1762 contorta
1262 1708 1490 1775 lacert0‚

85 1781 202 1844 Quo
244 1782 374 1837 duce
410 1783 553 1836 freta
592 1783 810 1852 cohorS,
847 1784 1029 1836 fuscas
1069 1783 1364 1836 intervolat
1404 1798 1563 1834 auras

85 1855 282 1925 Hasta3
324 1857 417 1910 sed
455 1856 674 1910 audenti
713 1858 841 1910 deus
883 1861 938 1911 et
975 1858 1195 1910 fortuna
1234 1856 1472 1909 recessit.
1687 1866 1772 1907 540

88 1929 192 1982 Per
230 1932 415 1983 tamen
453 1930 631 1984 Olenii
670 1932 908 2002 tegimen
949 1932 1060 1984 suis
1099 1932 1351 2001 hirtaque
1394 1930 1558 1984 saetis

88 2002 265 2074 Terga
305 2022 464 2072 super
501 2004 684 2058 laevos
723 2023 937 2058 umeros
978 2006 1156 2059 vicina
1194 2006 1370 2058 cruori

87 2076 298 2147 Effugit
337 2081 391 2130 et
428 2078 590 2131 viduo
630 2078 876 2148 iugulum
914 2079 1044 2132 ferit
1081 2079 1244 2131 inrita
1283 2079 1450 2148 ligno,

92 2150 243 2205 Tunc
280 2152 501 2205 horrere
541 2170 724 2206 comae
767 2154 1092 2222 sanguisque
1132 2153 1189 2205 in
1229 2153 1387 2205 corde
1428 2152 1613 2222 gelari.

92 2225 213 2278 Huc
251 2225 397 2279 ferus
438 2229 599 2294 atque
638 2226 769 2279 illuc
810 2227 1047 2280 animum
1087 2227 1455 2296 pallentiaque
1495 2227 1577 2278 ira
1694 2238 1779 2278 545

91 2298 198 2353 Ora
226 2300 413 2353 'ferens
454 2297 574 2371 (nec
612 2303 768 2354 tanta
807 2304 965 2370 putat
1005 2301 1110 2354 sibi
1149 2301 1295 2354 bella
1333 2298 1563 2371 parari):

211 2495 296 2536 523
337 2490 446 2535 huic
486 2496 518 2534 P
550 2492 565 2547 ΙΙ
598 2496 682 2536 530
722 2490 981 2548 cristasque
1021 2493 1197 2536 PGHd'
1258 2492 1513 2549 galeasque
1546 2490 1739 2534 BG²SM
1771 2492 1783 2547 {3

95 2553 180 2595 536
218 2564 306 2595 nec
346 2550 527 2595 credita
567 2555 599 2593 P
628 2552 644 2608 ΙΙ
676 2555 761 2596 538
805 2550 983 2595 chromi
1013 2557 1045 2595 P
1078 2553 1175 2597 edd.
1209 2557 1308 2597 vett.
1374 2550 1555 2596 chronii
1593 2550 1786 2593 BG²SM

95 2607 292 2654 chromii
333 2615 368 2653 G
432 2609 597 2654 cromii
636 2612 718 2655 'td‘
779 2611 964 2655 chronis
1005 2616 1047 2654 Η
1109 2611 1332 2657 Chthonii
1371 2625 1487 2656 corr.
1526 2610 1787 2654 Gronovius

93 2669 191 2714 coll.
226 2670 332 2713 III
362 2674 451 2715 170
485 2670 570 2714 IV
596 2673 687 2715 597
721 2671 928 2717 Pausan.
965 2671 1052 2715 IX
1081 2675 1122 2726 5,
1156 2676 1197 2716 3.
1245 2672 1390 2727 Apud
1421 2671 1670 2714 Homerum
1703 2670 1787 2724 (Il.

95 2726 177 2772 IV
202 2730 292 2774 394
315 2731 397 2786 sq.)
437 2730 547 2774 haec
586 2730 740 2774 cohors
779 2731 914 2776 duces
943 2732 1076 2776 habet
1109 2732 1351 2775 Meteonem
1382 2730 1717 2774 Haemonidem
1748 2733 1789 2773 et

98 2785 427 2846 Polyphontem
466 2789 736 2845 Autophom‘
780 2791 928 2845 filium
966 2792 981 2849 n
1021 2794 1103 2835 541
1154 2791 1349 2845 atraque
1398 2790 1525 2834 codd.
1568 2787 1789 2843 hirtaque

98 2857 212 2892 corr.
245 2847 468 2893 Heinsius
531 2849 728 2904 artaque
762 2850 982 2894 Menkius
1041 2863 1272 2906 aspraque
1303 2848 1641 2904 Bitschofskius
1664 2848 1678 2904 ΙΙ
1703 2852 1791 2891 544

101 2905 240 2949 corda
278 2910 352 2950 PB
385 2909 400 2965 ΙΙ
433 2912 517 2952 545
559 2907 704 2951 animi
734 2909 775 2952 it
804 2910 1113 2954 Baehrensius
1143 2911 1159 2966 ΙΙ
1191 2914 1275 2954 546
1307 2909 1480 2966 putans
1516 2909 1793 2966 Madviyius

190 2986 331 3021 Soram
354 2989 548 3025 Tunius.
1406 2987 1434 3025 4
