1976 3126
674 168 1015 216 THEBAIDOS
1045 168 1157 216 LIB.
1189 168 1267 216 XI.
1711 170 1821 223 313

132 293 198 348 In
234 297 289 348 te
327 296 390 348 ut
428 295 644 362 sceptra
683 291 899 361 cadant,
938 294 1092 346 tanto
1132 290 1508 362 indignissime
1546 296 1692 345 nat0.

131 367 246 422 Nec
283 367 418 422 mihi
455 366 692 421 difficilis
732 383 986 436 praesens
1025 365 1286 435 vindicta3
1326 366 1419 419 sed
1458 383 1631 435 arma,
1730 379 1816 419 305

131 443 303 496 Arma
340 441 491 512 prius
501 482 516 510 ,
553 440 768 494 famuli!
809 442 1000 494 coeant
1038 439 1094 492 in
1133 439 1341 509 proelia
1378 439 1591 494 fratres.

133 514 269 570 Vult
307 514 540 586 gemitus
580 515 748 568 lenire
789 512 983 568 Creon:
1024 514 1234 567 lucrare
1272 513 1534 583 furorem3

70 628 80 634 -r
131 588 343 644 Victori
380 588 516 643 mihi
555 591 750 642 cuncta
786 587 936 641 lues?
1015 586 1104 641 Sic
1142 587 1322 657 iurgia
1359 588 1580 657 paulum

69 671 80 726 J
132 661 366 718 Distulit
405 665 566 733 atque
605 680 808 731 ensem,
855 678 1014 731 quem
1055 662 1163 715 iam
1203 662 1371 715 dabat
1409 663 1511 728 ira,
1550 661 1823 733 repressit.

0 786 1 793 ,
69 741 77 794 ’,
131 737 278 791 Ictus
317 739 380 791 ut
415 737 621 791 incerto
661 736 895 806 pastoris
934 736 1154 789 vulnere
1196 754 1412 805 serpens
1736 748 1823 789 310

4 813 5 817 ’
75 843 77 846 -
133 810 388 883 Erigitur
427 826 561 882 gyro
600 811 931 881 longumque
972 827 1000 863 e
1040 828 1263 879 corpore
1302 814 1422 864 toto

5 894 7 902 ⁴
75 948 79 952 ¹
133 884 299 939 Virus
338 885 395 938 in
434 903 529 939 ora
567 884 726 954 legit3
767 885 989 953 paulum
1032 884 1078 936 si
1117 884 1303 938 devius
1344 883 1520 937 hostis

134 959 316 1013 Torsit
355 959 479 1028 iter,
518 958 752 1013 cecidere
793 959 970 1011 minae
1010 957 1410 1029 tumefactaque
1450 959 1656 1011 frustra

134 1031 290 1088 Colla
329 1033 538 1102 sedent,
577 1033 793 1103 irasque
835 1032 917 1085 sui
956 1032 1099 1086 bibit
1136 1033 1252 1102 ipse
1292 1033 1498 1085 veneni.

209 1107 308 1161 At-
325 1107 574 1179 genetrix
613 1107 848 1177 primam
886 1107 1134 1160 funestae
1174 1107 1339 1160 sortis
1380 1112 1439 1159 ut
1478 1124 1663 1159 amens
1741 1118 1828 1158 31⁶

134 1181 375 1251 Expavit
412 1181 617 1235 famam
657 1181 781 1250 (nec
819 1181 972 1235 tarde
1012 1180 1278 1250 credidit),
1317 1181 1435 1234 ibat

139 1254 320 1310 Scissa
358 1273 570 1309 comam
609 1255 897 1326 vultusque
938 1258 993 1309 et
1032 1259 1249 1324 pectore
1288 1255 1434 1307 nuda
1474 1258 1718 1322 cruentO,

64 1336 66 1341 “
136 1328 264 1384 Non
305 1347 462 1384 sexus
503 1329 777 1383 decorisve
817 1346 1045 1383 memor:
1085 1329 1349 1382 Pentheia
1388 1329 1561 1398 qualis

27 1404 28 1407 ’
58 1427 62 1430 ⁴
135 1402 314 1457 Mater
353 1403 420 1457 ad
459 1403 638 1456 insani
678 1403 970 1457 scandebat
1007 1403 1246 1457 culmina
1286 1404 1508 1472 montis,

30 1500 53 1550 g
138 1477 474 1532 Promissum
515 1495 674 1531 saevo
715 1481 879 1547 caput
918 1477 1153 1530 allatura
1193 1477 1390 1547 Lyaeo,
1741 1488 1829 1528 320

51 1555 54 1570 ¹
137 1550 265 1605 Non
303 1551 556 1621 comites,
594 1569 706 1605 non
745 1552 885 1605 ferre
925 1551 1046 1621 piae
1085 1551 1318 1621 vestigia
1355 1555 1517 1604 natae

137 1626 327 1696 Aequa
364 1625 572 1680 valent:
611 1628 826 1679 tantum
867 1626 1095 1679 miserae
1136 1625 1289 1679 dolor
1327 1625 1554 1678 ultimus
1595 1623 1744 1677 addit

136 1699 348 1770 Robur,
387 1703 442 1753 et
479 1717 751 1770 exangues
792 1699 1114 1753 crudescunt
1153 1700 1387 1753 luctibus
1429 1699 1571 1752 anni.

57 1822 59 1826 ,
137 1773 359 1843 Iamque
398 1773 557 1828 decus
598 1774 810 1844 galeae,
848 1775 957 1827 iam
998 1774 1208 1843 spicula
1248 1792 1410 1827 saeva
1450 1773 1662 1843 ligabat

139 1847 348 1901 Ductor
378 1851 434 1901 et
465 1847 534 1900 ad
555 1847 721 1901 lituos
744 1848 975 1901 hilarem
999 1848 1439 1918 intrepidumque
1459 1848 1712 1901 tubarum
1745 1859 1831 1899 325

139 1919 514 1990 Prospiciebat
553 1938 771 1991 equum,
812 1922 991 1975 subito
1033 1940 1154 1975 cum
1193 1923 1449 1992 apparuit
1487 1923 1683 1991 ingens

83 2061 92 2068 .
140 1993 339 2063 Mater,
379 1997 436 2048 et
472 1995 589 2064 ipse
627 1999 773 2048 metu
812 1995 1181 2065 famulumque
1220 1996 1486 2066 expalluit
1524 1995 1699 2048 omnis

142 2067 364 2139 Coetus,
403 2071 459 2122 et
497 2069 741 2122 oblatam
778 2072 923 2122 retro
962 2069 1110 2121 dedit
1149 2070 1384 2138 armiger
1421 2069 1654 2122 hastam.

143 2142 304 2206 ‘Quis
341 2142 528 2196 furor?
566 2142 706 2195 unde
745 2143 941 2196 iterum
980 2144 1135 2213 regni
1174 2143 1449 2212 integrata
1486 2142 1729 2212 resurgit

142 2215 442 2271 Eumenis?
482 2217 591 2286 ipsi
630 2216 795 2269 etiam
833 2220 960 2286 post
999 2217 1206 2286 omnia,
1245 2216 1547 2270 comminus
1586 2216 1694 2286 ipsi
1747 2229 1833 2269 330

144 2289 408 2345 Stabitis‘?
447 2309 615 2360 usque
656 2290 788 2344 adeo
830 2291 1072 2360 geminas
1113 2291 1329 2344 duxisse
1369 2291 1617 2344 cohortes

142 2364 218 2418 Et
252 2365 461 2419 facinus
501 2364 786 2418 mandasse
825 2383 1018 2434 parum
1058 2363 1178 2418 est?
1219 2383 1324 2435 quo
1373 2364 1562 2418 deinde
1602 2364 1804 2417 redibit

60 2475 69 2512 4
143 2437 368 2492 Victor?
408 2439 467 2491 in
505 2439 674 2491 hosne
715 2439 900 2492 sinus‘?
939 2457 970 2492 o
1010 2439 1112 2491 diri
1152 2440 1396 2508 coniugis
1437 2438 1570 2492 olim

62 2516 82 2575 ¹⁷2,
147 2511 354 2566 Felices
394 2513 674 2565 tenebrae!
715 2512 878 2582 datis,
916 2513 1168 2583 improba
1206 2513 1439 2582 lumina,
1478 2531 1695 2581 poenae.

67 2647 72 2675 ;
145 2584 294 2640 Haec
335 2586 629 2655 spectanda
660 2586 812 2641 dies?
853 2605 980 2656 qu0,
1021 2605 1200 2657 saeve,
1238 2587 1503 2640 minantia
1534 2586 1708 2639 flectis
1748 2600 1834 2638 335

265 2722 352 2763 304
383 2719 438 2762 ut
466 2731 549 2763 om.
583 2722 615 2760 P
645 2719 661 2775 ΙΙ
691 2722 777 2762 305
812 2717 898 2762 sub
930 2731 1062 2762 arma
1091 2722 1123 2760 P
1155 2719 1170 2775 ΙΙ
1200 2722 1287 2762 316
1319 2730 1405 2760 nec
1437 2716 1633 2760 tandem
1656 2721 1688 2758 P
1712 2718 1727 2770 ΙΙ
1751 2721 1836 2760 317

146 2775 397 2834 vultusque
420 2781 454 2820 P
483 2776 710 2832 vultuque
743 2778 875 2822 ceteri
896 2779 912 2834 ΙΙ
936 2782 1022 2822 321
1056 2777 1165 2834 piae
1187 2780 1357 2819 PGET
1379 2775 1512 2832 ipsae
1535 2775 1690 2818 36²1
1713 2777 1729 2831 ΙΙ
1752 2780 1838 2820 323

148 2847 409 2893 exsangues
448 2840 522 2879 PB
553 2837 569 2892 11
599 2840 685 2880 325
731 2835 1060 2892 trepidumque
1099 2837 1197 2881 edd.
1238 2837 1346 2880 inde
1394 2850 1423 2879 a
1466 2834 1664 2879 Gronov.
1701 2837 1716 2891 n
1750 2840 1836 2878 326

147 2892 451 2953 Rsepiciebat
481 2895 708 2940 Bai-thius
732 2897 745 2952 ΙΙ
770 2901 853 2940 327
889 2897 937 2939 et
967 2910 1050 2941 om.
1085 2900 1117 2937 P
