2020 3106
613 158 955 206 THEBAIDOS
988 158 1097 205 LIB.
1133 159 1188 205 11.
1676 162 1748 215 33

19 283 21 289 '
61 281 338 352 Suaserat;
378 281 534 337 effusi
570 282 775 352 passim
814 300 910 351 per
948 285 1117 352 tecta,
1156 301 1252 353 per
1292 299 1478 353 agros,
1691 297 1747 337 ‘15

59 355 214 412 Serta
253 356 394 411 inter
433 374 736 426 vacuosque
776 374 924 410 mero
966 360 1204 411 crateras
1245 357 1499 411 anhelum

56 431 372 486 Proflabant
411 430 510 484 sub
551 431 669 484 luce
710 430 891 500 deum3
931 435 1061 485 tunc
1101 432 1337 501 plurima
1375 432 1548 485 buxus

55 505 302 576 Aeraque
340 505 587 559 taurinos
628 505 811 558 sonitu
850 505 1118 559 vincentia
1156 507 1359 575 pulsus

55 578 179 652 Ipse
219 579 384 634 etiam
425 579 664 650 gaudens
704 598 993 633 nemorosa
1033 598 1128 649 per
1169 582 1291 634 avia
1331 599 1491 634 sanas

19 666 21 698 ῑ
57 653 355 723 Impulerat
393 657 595 708 matres
635 652 850 707 Baccho
891 654 1113 707 meliore
1156 654 1464 709 Cithaeron.
1691 668 1748 709 80

20 732 21 735 ’
59 727 252 793 Qualia
289 745 385 798 per
423 726 722 798 Rhodopen
762 728 951 782 rabido
992 729 1240 783 convivia
1280 732 1435 783 coetu

60 799 314 857 Bistones
355 804 448 856 aut
487 802 692 856 mediae
732 807 942 872 ponunt
980 804 1320 857 convallibus
1362 804 1546 858 Ossae.

57 874 175 930 Illis
216 875 590 930 semianimum
630 894 791 947 pecus
832 895 1191 948 excussaeque
1232 879 1448 931 leonum

59 947 163 1004 Ore
201 950 366 1021 dapes
379 992 392 1020 ‚
434 953 488 1004 et
526 951 664 1005 lacte
703 970 843 1005 novo
885 952 1158 1005 domuisse
1199 971 1445 1006 cruorem

57 1022 263 1078 Luxus:
302 1027 360 1078 at
399 1023 600 1095 Ogygii
640 1026 685 1079 si
726 1026 941 1095 quando
984 1026 1207 1080 adflavit
1245 1026 1427 1080 Iacchi
1693 1040 1749 1081 85

60 1096 262 1153 Saevus
302 1098 455 1168 odor,
504 1102 633 1153 tunc
673 1118 803 1153 saxa
842 1119 1028 1171 manu,
1068 1105 1196 1154 tunc
1234 1102 1427 1171 pocula
1466 1100 1750 1170 pulchrum

60 1170 321 1243 Spargere
362 1175 417 1226 et
454 1173 706 1228 inmerito
748 1175 1017 1228 sociorum
1058 1175 1322 1246 sanguine
1362 1175 1483 1228 fuso

59 1245 371 1300 Instaurare
414 1247 556 1301 diem
595 1248 871 1318 festasque
910 1267 1171 1319 reponere
1212 1267 1441 1303 mensas.

134 1319 256 1375 Nox
295 1339 379 1391 ea,
419 1339 539 1375 cum
579 1323 748 1376 tacita
786 1324 1003 1377 volucer
1043 1323 1322 1393 Cyllenius
1364 1342 1494 1377 aura

61 1393 228 1464 Regis
266 1394 520 1450 Echionii
561 1398 748 1450 stratis
790 1397 1071 1468 adlapsuS‚
1110 1399 1204 1451 ubi
1243 1399 1432 1468 ingens
1696 1412 1753 1452 9ο

60 1466 295 1523 Fuderat
334 1469 577 1540 Assyriis
618 1474 895 1525 exstructa
935 1473 1211 1542 tapetibus
1253 1473 1366 1526 alto

17 1539 19 1594 Ϊ
60 1541 306 1597 Membra
343 1546 479 1597 toro,
555 1545 662 1599 Pro
704 1563 876 1615 gnara
914 1546 1051 1599 nihil
1092 1547 1348 1600 mortalia
1386 1547 1487 1600 fati

61 1615 238 1671 Corda
276 1618 380 1672 suil
421 1619 566 1689 capit
603 1619 696 1673 ille
736 1621 920 1691 dapeS‚
961 1622 1130 1674 habet
1168 1621 1259 1674 ille
1302 1640 1567 1690 soporem.

64 1688 216 1745 Tunc
255 1691 434 1746 senior
472 1710 607 1763 quae
647 1695 826 1748 iussus
867 1694 1004 1765 agit,
1043 1714 1149 1748 neu
1187 1695 1328 1749 falsa
1367 1696 1538 1749 videri

65 1762 258 1818 Noctis
297 1766 479 1837 imago
520 1772 704 1838 queat,
744 1770 996 1839 longaevi
1036 1771 1177 1824 vatis
1218 1788 1415 1839 opacos
1697 1783 1753 1823 95

69 1837 309 1891 Tiresiae
347 1840 531 1894 vultus
570 1860 861 1913 vocemque
902 1847 957 1896 et
994 1845 1198 1898 vellera
1235 1849 1369 1898 nota

68 1911 333 1966 Induitur.
407 1913 654 1969 Mansere
694 1935 879 1970 comae
919 1937 1261 1988 propexaque
1302 1922 1486 1972 mento

69 1984 309 2040 Canities
348 1987 630 2058 pallorque
670 2009 820 2060 suuS,
861 1992 950 2044 sed
992 1993 1134 2045 falsa
1173 1994 1408 2046 cucurrit

71 2058 250 2113 Infula
287 2078 389 2130 per¹
423 2060 619 2132 crineS,
659 2065 984 2134 glaucaeque
1025 2066 1250 2119 innexus
1292 2067 1465 2119 olivae

69 2132 342 2188 Vittarum
384 2137 634 2205 provenit
672 2138 868 2191 honos:
909 2139 1033 2192 dein
1069 2142 1294 2208 tangere
1334 2159 1486 2193 ramo
1672 2154 1756 2193 100

67 2207 295 2262 Pectora
335 2212 388 2261 et
425 2209 528 2264 hac
566 2212 712 2264 visus
752 2212 989 2267 fatorum
1029 2232 1341 2282 expromere
1380 2232 1561 2267 voces:

12 2292 16 2303 ²
68 2279 214 2335 ‘Non
253 2283 429 2336 somni
460 2286 562 2338 tibi
600 2290 836 2356 temPUS‚
875 2288 1016 2340 iners
1060 2288 1151 2356 qui
1188 2292 1347 2341 nocte
1388 2289 1487 2341 sub
1530 2289 1662 2357 alta,

11 2381 14 2387 ·
69 2354 324 2410 Germani
365 2375 570 2429 secure,
609 2361 751 2413 iaces
763 2403 777 2429 ‚
815 2362 1066 2432 ingentia
1105 2362 1304 2415 dudum

69 2429 209 2483 Acta
247 2438 443 2485 vocant
482 2439 764 2503 rerumque
805 2452 1022 2506 graves,
1062 2437 1282 2506 ignave,
1321 2441 1560 2506 paratus,

9 2598 14 2650 3
190 2596 242 2637 ’17
276 2593 388 2637 tunc
420 2598 548 2637 PGH
580 2596 679 2639 tum
710 2595 863 2639 Bam
887 2598 901 2655 ΙΙ
928 2602 981 2642 78
1014 2596 1275 2654 Tyrrhenos
1308 2598 1488 2642 sonitus
1520 2599 1760 2643 vincentia

9 2665 13 2682 ·
70 2647 207 2707 pulsu
229 2651 557 2698 Lachmannds
588 2654 797 2699 taurinas
831 2671 865 2701 s.
897 2671 938 2700 v.
974 2657 1123 2713 pelles
1147 2658 1457 2702 Baehrensius
1480 2660 1495 2713 η
1519 2661 1575 2701 83
1607 2660 1629 2700 t
1659 2657 1760 2701 illic

9 2725 16 2754 3
69 2710 105 2752 P
132 2722 188 2754 m.
220 2712 311 2768 sea}
333 2714 348 2770 ΙΙ
383 2717 467 2757 100
508 2713 616 2757 dein
647 2714 810 2759 BG²cr
873 2715 1042 2760 dehinc
1073 2721 1198 2759 Psu
1229 2718 1286 2772 cf.
1322 2718 1540 2761 Muelleri
1570 2722 1758 2773 quaestt.

64 2779 117 2824 p.
150 2772 207 2814 13
245 2774 286 2815 et
323 2777 479 2817 notam
517 2787 658 2818 meam
698 2775 759 2819 ad
798 2776 964 2820 Achilz.
1000 2777 1036 2819 Ι
1065 2780 1157 2821 370
1179 2779 1194 2833 ΙΙ
1221 2781 1303 2820 102
1338 2777 1762 2832 luteo-punctionem

73 2837 186 2894 οοῇν.
227 2829 479 2876 Muellerus
519 2833 596 2877 El.
637 2833 753 2878 Stat.
786 2848 835 2891 p.
882 2839 939 2880 17
986 2838 992 2891 Ι
1036 2834 1173 2879 Nunc
1214 2850 1248 2878 s.
1289 2838 1323 2879 t.
1357 2837 1563 2891 tempus,
1603 2834 1760 2879 iners?

72 2885 188 2941 quud
217 2888 443 2935 Bao-thius

165 2968 304 3003 Saum
336 2972 529 3008 Tannus.
1375 2973 1401 3011 3
