1976 3094
618 130 964 177 THEBAlDOS
995 130 1105 178 LIB.
1138 131 1194 177 11.
1679 132 1748 185 41

65 251 216 308 Tunc
255 252 408 307 donis
450 251 620 324 Argia
657 253 799 307 nitet
838 253 1081 324 vilesque
1122 253 1323 307 sororis

64 326 299 382 Ornatus
341 344 494 381 sacro
535 327 815 397 praeculta
855 328 1165 398 supervenit
1204 346 1350 381 aur0.

60 399 288 456 Viderat
325 400 428 455 hoc
467 401 698 456 coniunx
738 402 965 470 perituri
1004 402 1147 455 vatis
1189 404 1243 454 et
1282 419 1403 455 aras

61 474 204 529 Ante
245 493 430 530 omnes
472 475 763 545 epulasque
803 479 1010 529 trucem
1052 480 1261 529 secreta
1299 477 1566 545 coquebat
1659 491 1749 531 300

59 547 349 619 Invidiam,
387 549 561 603 saevis
604 549 760 603 detur
801 550 847 602 si
888 550 1103 619 quando
1144 550 1309 619 potiri

60 620 337 692 cultibus,
375 623 481 677 heu
517 623 654 676 nihil
697 623 939 693 auguriis
981 624 1165 677 adiuta
1203 625 1541 694 propinquis.

60 694 206 760 Quos
247 699 402 767 optat
442 697 701 768 gemituS,
742 701 973 767 quantas
1015 698 1164 767 cupit
1195 697 1372 767 ‘impia
1412 699 1616 753 clades!

57 769 239 841 Digna
277 771 512 841 quidem,
554 772 645 826 sed
686 772 814 842 quid
853 772 1038 825 miseri
1079 772 1303 841 decepta
1343 773 1526 826 mariti

57 843 248 915 Arma,
288 845 415 916 quid
454 846 695 900 insontes
735 846 853 900 nati
893 865 1134 900 meruere
1173 847 1420 900 furores?
1662 861 1750 902 305

130 918 428 990 Postquam
466 922 677 991 regales
719 921 906 990 epulas
947 926 1002 974 et
1042 920 1238 990 gaudia
1277 921 1429 992 vulgi

54 990 269 1048 Bisseni
308 992 514 1049 clusere
554 994 690 1065 dies,
729 994 995 1048 Ismenius
1035 996 1195 1048 heros

53 1066 338 1138 Respicere
380 1069 447 1122 ad
486 1068 700 1122 Thebas
739 1069 955 1139 iamque
997 1074 1052 1123 et
1093 1088 1190 1122 sua
1230 1087 1487 1139 quaerere
1528 1087 1708 1139 regna.

54 1139 262 1212 Quippe
303 1142 543 1215 animum
585 1144 729 1197 subit
766 1143 865 1197 illa
904 1143 1042 1213 dies,
1083 1163 1211 1214 qua,
1253 1147 1398 1197 sorte
1437 1144 1675 1215 benigna

51 1213 284 1286 Fratris,
322 1216 588 1271 Echionia
629 1221 857 1271 steterat
894 1218 1138 1287 privatus
1178 1218 1234 1271 in
1275 1219 1420 1287 aula,
1661 1233 1748 1273 810

52 1289 368 1360 Respiciens
410 1291 642 1345 descisse
683 1292 811 1345 deos
851 1292 1168 1362 trepidoque
1207 1293 1446 1347 tumultu

52 1362 310 1434 Dilapsos
352 1365 599 1431 comites,
637 1366 841 1420 nudum
882 1366 1024 1420 latus
1066 1385 1223 1420 omne
1263 1368 1557 1437 fugamque

51 1436 337 1493 Fortunae.
412 1439 661 1510 Namque
701 1460 808 1494 una
848 1459 1002 1495 soror
1043 1442 1337 1510 producere
1377 1442 1561 1495 tristes

50 1511 244 1566 Exulis
285 1531 418 1568 ausa
456 1513 596 1584 vias3
638 1515 802 1568 etiam
841 1514 980 1569 hanc
1020 1516 1077 1568 in
1115 1516 1300 1568 limine
1342 1516 1517 1585 primo

49 1584 309 1656 Liquerat
347 1591 402 1642 et
440 1605 640 1659 magna
679 1589 932 1643 lacrimas
971 1590 1266 1643 incluserat
1304 1590 1400 1643 ira.
1659 1605 1746 1644 315

50 1658 198 1715 Tunc
238 1679 371 1731 quos
413 1663 671 1717 excedens
711 1663 939 1734 hilares,
979 1664 1097 1733 quis
1139 1665 1316 1718 cultus
1357 1665 1528 1734 iniqui

51 1732 377 1806 Praecipuus
418 1737 591 1807 ducis,
631 1740 686 1790 et
723 1738 957 1810 profugo
999 1758 1134 1809 quos
1174 1739 1291 1807 ipse
1331 1743 1552 1792 notarat

49 1806 383 1880 Ingemuisse
425 1811 548 1876 sibi,
589 1830 687 1881 per
726 1817 942 1866 noctem
983 1832 1045 1866 ac
1085 1814 1201 1866 luce
1243 1813 1342 1866 sub
1384 1813 1531 1866 omni

53 1881 282 1955 Digerit3
325 1885 547 1940 exedere
588 1885 829 1940 animum
871 1888 1024 1941 dolor
1065 1887 1249 1957 iraque
1290 1888 1509 1941 demens

47 1955 141 2028 Et,
182 1977 288 2029 qua
325 1977 435 2013 non
475 1960 692 2030 gravior
731 1962 1056 2015 mortalibus
1097 1961 1281 2015 addita
1321 1961 1487 2031 curiS,
1656 1977 1743 2016 320

49 2027 202 2102 Spes,
241 2033 336 2087 ubi
375 2033 543 2104 longa
579 2035 743 2105 venit.
820 2035 1007 2088 Talem
1048 2036 1147 2088 sub
1187 2040 1405 2105 pectore
1444 2037 1647 2089 nubem

51 2102 279 2160 Consilii
317 2108 541 2162 volvens
580 2108 780 2162 Dircen
821 2107 1117 2179 Cadmique
1157 2114 1384 2180 negatas

50 2178 299 2250 Apparat
337 2183 416 2235 ire
455 2182 661 2236 domos
738 2182 928 2236 Veluti
967 2183 1073 2236 dux
1111 2187 1301 2237 taurus
1344 2190 1525 2237 amata

51 2251 211 2308 Valle
252 2274 468 2324 carens,
507 2257 722 2326 pulsum
764 2257 924 2311 solito
966 2277 1125 2327 quem
1167 2259 1409 2328 gramine
1449 2258 1623 2311 victor

169 2449 255 2489 297
290 2459 357 2501 sq.
406 2446 545 2490 ‘tunc
579 2472 629 2480 -
668 2447 806 2491 auro'
850 2447 1125 2492 Priscian.
1167 2449 1187 2492 Ι
1227 2454 1275 2504 9,
1317 2454 1373 2493 54
1412 2463 1457 2505 p.
1500 2454 1554 2494 41
1595 2449 1650 2493 H.
1687 2477 1743 2483 —

51 2505 136 2547 313
170 2517 235 2559 sq.
271 2504 491 2560 ‘namque
524 2530 580 2538 --
612 2506 732 2551 vias'
769 2506 943 2551 schol.
975 2506 1119 2551 Theb.
1154 2507 1241 2552 XII
1272 2514 1359 2554 405
1391 2525 1434 2566 p.
1469 2514 1555 2553 414
1588 2509 1634 2552 L.

172 2684 257 2725 297
304 2679 420 2724 Tum
468 2682 662 2725 BG²SM
696 2685 710 2741 ΙΙ
749 2689 835 2728 300
885 2684 1150 2740 coquebant
1194 2689 1227 2726 P
1268 2686 1284 2740 ΙΙ
1322 2689 1407 2728 311
1462 2685 1655 2729 (11801880
1710 2691 1745 2728 P

50 2735 249 2784 discesse
281 2754 308 2794 p
344 2740 519 2785 Tollius
553 2741 756 2786 descisse
790 2745 890 2801 (sec.
923 2758 979 2789 m.
1012 2757 1239 2799 suprascr.
1269 2743 1458 2800 abiisse)
1486 2745 1543 2787 G²
1569 2744 1744 2788 abiisse

49 2809 72 2839 ο
103 2795 280 2842 desisse
318 2804 350 2842 '1'
372 2802 388 2855 ΙΙ
411 2805 499 2844 320
532 2801 653 2844 euris
687 2806 720 2844 P
745 2802 970 2848 Heinsius
1018 2816 1129 2847 cura
1152 2802 1307 2846 Rem
1331 2805 1346 2859 Π
1370 2807 1454 2846 322
1490 2803 1684 2847 Consilii
1714 2819 1742 2858 p

49 2853 353 2903 Burmannus
385 2857 591 2903 Consilio
623 2861 818 2904 PBG²M
