1976 3094
196 90 302 146 138
776 87 825 132 P.
857 85 1086 134 PAPmn
1117 85 1310 133 sTATn

194 211 300 266 Illa
337 210 479 265 redit
517 209 874 279 querulaeque
915 209 1106 263 domus
1145 208 1343 265 mirata
1381 208 1618 277 quietem

195 285 311 343 Iam
352 288 535 356 stupet
573 283 889 353 impendens
922 283 1281 353 advectosque
1317 282 1539 341 horrida
1578 284 1790 342 maesto·

196 358 421 415 Exoutit
460 377 550 415 ore
591 359 762 425 cibos,
801 376 923 413 eum
963 358 1111 413 solus
1150 357 1207 413 in
1247 357 1442 413 arbore
1478 359 1636 425 paret

198 434 431 506 Sanguis
471 437 526 487 et
564 435 804 488 errantes
843 451 940 503 per
981 434 1139 502 capta
1179 431 1377 489 cubilia
1415 432 1647 500 plumae.

268 509 346 563 Ut
383 510 587 565 laceros
628 511 778 562 artus
819 507 1027 578 gremio
1065 506 1370 562 miseranda
1407 506 1610 575 recepit
1799 516 1885 566 606

195 583 504 652 Intexitque
545 582 712 637 comis
722 624 737 652 ‚
774 581 997 637 tandem
1036 581 1222 639 laxata
1259 580 1434 634 dolori

198 656 322 711 Vox
361 657 568 711 invenit
605 657 730 727 iter,
770 656 1111 726 gemitusque
1147 655 1205 711 in
1242 655 1410 709 verba
1449 655 1637 712 soluti:

197 730 261 785 ‘O
302 731 437 784 mihi
476 732 720 785 desertae
757 733 1012 784 natorum
1053 729 1225 785 duleis
1264 730 1472 799 imag0‚

196 804 550 875 Archemore‚
592 824 622 859 o
661 824 842 859 rerum
882 807 938 858 et
975 805 1186 874 patriae
1227 804 1470 860 solamen
1508 803 1790 874 ademptae

197 879 519 950 servitiique
559 880 747 949 deeUS,
787 880 880 949 qui
917 882 997 948 te,
1036 897 1156 935 mea
1195 877 1415 949 gaudia,
1455 881 1638 937 sontes
1801 891 1888 938 6ιο

194 953 490 1010 Extinxere
529 955 635 1024 dei,
674 953 838 1011 modo
877 971 1037 1024 quem
1077 953 1322 1024 digressa.
1358 952 1554 1022 reliqui

195 1028 481 1084 Lascivum
523 1031 578 1086 et
615 1047 788 1099 prono
828 1030 1118 1085 vexantem
1157 1027 1408 1098 gramina
1447 1027 1641 1085 eursu?

203 1102 326 1157 Heu
364 1104 459 1156 ubi
500 1103 696 1159 siderei
734 1102 954 1160 vultus?
994 1102 1090 1156 ubi
1128 1101 1296 1158 verba
1332 1102 1521 1173 ligatis

194 1177 520 1247 Imperfeeta
553 1179 702 1233 sonis
739 1178 987 1246 risusque
1026 1179 1083 1230 et
1120 1194 1402 1233 murmura
1438 1176 1540 1232 soli

195 1250 481 1306 Intellecta
519 1252 690 1307 mihi?
732 1251 982 1322 quotiens
1019 1251 1124 1304 tibi
1161 1250 1403 1307 Lemnon
1442 1253 1496 1304 et
1534 1249 1689 1320 Argo
1801 1261 1888 1304 615

197 1324 365 1380 Sueta
404 1326 556 1396 loqui
595 1330 651 1380 et
688 1326 858 1396 longa
895 1343 1144 1381 somnum
1185 1325 1407 1383 suadere
1448 1325 1707 1395 querella!

199 1398 288 1455 Sic
327 1401 575 1470 equidem
613 1401 792 1457 luetus
833 1400 1050 1458 solabar
1090 1403 1144 1454 et
1181 1400 1351 1456 ubera
1388 1418 1557 1469 parvo

197 1473 314 1527 Iam
353 1478 601 1531 materna
641 1475 859 1544 dabam,
900 1474 985 1528 eui
1022 1493 1162 1532 nuno
1200 1475 1349 1529 venit
1387 1474 1585 1532 inritus
1626 1474 1796 1533 orbae

196 1547 378 1602 Laetis
419 1552 473 1602 et
512 1549 703 1603 infelix
740 1550 798 1605 in
836 1550 1062 1606 vulnera
1099 1549 1326 1618 liquitur
1365 1548 1555 1603 imber.

195 1620 377 1676 Nosco
419 1624 569 1676 deos:
611 1642 642 1676 o
683 1623 818 1676 dura
857 1623 964 1675 mei
1001 1623 1288 1692 praesagia
1326 1622 1504 1677 somni
1800 1634 1888 1680 620

195 1694 249 1750 N
252 1698 570 1766 oeturnique
609 1699 808 1762 metuS,
848 1699 903 1749 et
938 1714 1235 1766 numquam
1273 1697 1494 1766 impune
1533 1714 1629 1766 per
1668 1696 1886 1755 umbras

196 1769 483 1826 Attonitae
522 1771 657 1827 mihi
694 1772 811 1827 visa
848 1769 1059 1825 Venus!
1099 1788 1233 1843 quos
1274 1787 1444 1841 arguo
1484 1770 1675 1825 divos?

195 1843 325 1914 Ipsa
363 1863 465 1916 ego
503 1849 558 1901 te
598 1843 751 1916 (quid
792 1845 938 1901 enim
974 1845 1200 1901 timeam
1239 1846 1507 1901 moritura
1543 1844 1767 1917 faterw)

195 1917 439 1989 Exposui
476 1919 625 1978 fatis.
702 1919 851 1983 Quae
890 1922 1130 1977 mentem
1166 1920 1382 1978 insania
1417 1919 1626 1974 traxit?

195 1992 441 2049 Tantane
480 2013 566 2052 me
603 1997 788 2051 tantae
826 1997 1046 2049 tenuere
1087 1994 1293 2053 oblivia
1332 1993 1529 2050 curae?
1801 2005 1889 2054 628
1959 2026 1965 2072 ³.

198 2065 343 2122 Dum
380 2070 591 2140 patrios
632 2087 788 2128 casus
826 2068 1109 2140 famaeque
1150 2087 1342 2127 exorsa
1378 2071 1614 2126 retracto

196 2140 508 2199 Ambitiosa
545 2162 695 2198 meae
736 2144 934 2215 (pietas
973 2143 1106 2199 haee
1144 2160 1346 2214 magna
1382 2143 1687 2213 fidesquel),

199 2215 426 2272 Exsolvi
464 2219 591 2287 tibi,
629 2217 852 2288 Lemne‚
890 2217 1064 2288 nefas3
1103 2218 1200 2272 ubi
1229 2217 1410 2271 letifer
1449 2217 1643 2288 anguis
1652 2259 1666 2287 ‚

317 2382 417 2422 620.
454 2377 626 2423 ‘Nosco
660 2378 791 2423 deos’
830 2377 1006 2423 schol,
1036 2377 1203 2423 Theb.
1236 2378 1278 2424 V
1311 2353 1396 2423 627
1427 2392 1472 2435 p.
1508 2382 1594 2423 190
1624 2377 1672 2422 L.

316 2531 401 2571 602
434 2527 534 2570 Iam
567 2527 727 2584 stupet
756 2531 838 2570 PR
868 2526 975 2572 Stat
1005 2540 1143 2584 super
1172 2526 1511 2584 30281111603
1541 2527 1678 2584 paret
1708 2531 1741 2573 P.
1771 2526 1886 2575 Beh.

197 2598 308 2630 cara
351 2585 543 2629 362811
580 2587 595 2643 ΙΙ
634 2591 720 2631 606
768 2584 922 2631 dolori
967 2587 1192 2632 Heinsius
1227 2587 1468 2632 Bentleius
1519 2585 1682 2632 dolore
1720 2584 1890 2644 οοᾱάΗ

199 2649 284 2689 615
318 2658 457 2702 argos
489 2646 640 2700 codd„
679 2646 733 2691 in
763 2649 799 2688 G
829 2659 914 2691 rec.
953 2660 1010 2690 m.
1050 2647 1235 2702 fisnalem
1273 2647 1472 2695 litteram
1501 2646 1735 2692 addidisse
1763 2646 1888 2694 vide·

197 2708 297 2760 tw,
326 2719 435 2750 uam
464 2706 597 2752 schol.
629 2706 847 2762 explicat:
883 2704 1036 2750 ‘navis
1061 2705 1261 2750 Iasonis’
1287 2703 1416 2762 Argo
1441 2718 1554 2753 corr.
1581 2705 1842 2754 Gronovius

200 2767 285 2808 618
311 2764 453 2808 orbae
478 2769 511 2808 Ρ
536 2763 607 2809 ori
630 2765 729 2808 G2B
752 2777 895 2822 marq.
919 2769 965 2808 Μ
997 2764 1082 2824 ors]
1109 2769 1142 2808 B
1176 2778 1256 2810 ore
1287 2779 1312 2808 ο
1342 2776 1427 2808 ora
1456 2771 1488 2809 1·
1518 2763 1613 2812 oris
1643 2763 1849 2822 Umerus
1876 2802 1877 2805 η

199 2826 284 2866 620
316 2836 343 2866 o
367 2837 478 2868 vera
501 2825 616 2869 coni.
644 2824 902 2870 Muellerus
931 2825 1028 2870 coll.
1062 2823 1127 2868 IX
1159 2830 1258 2872 631.
1293 2827 1379 2870 886
