2020 3106
659 144 1071 193 AOHILLEIDOS
1102 144 1155 190 L.
1188 143 1223 189 Ι.
1759 140 1793 192 5

28 282 30 291 “
101 270 146 326 Ο
185 272 358 340 dolor,
399 288 432 325 o
472 270 578 323 seri
616 271 863 322 materno
904 268 962 320 in
1001 266 1160 319 corde
1200 262 1452 317 timores!

99 345 224 400 Non
262 344 416 415 potui
454 342 658 408 infelix,
698 360 819 396 cum
857 342 1092 412 primum
1133 338 1348 410 gurgite
1385 338 1576 390 nostro

100 419 375 474 Rhoeteae
413 417 648 472 cecidere
686 415 887 480 trabes,
926 414 1177 467 attollere
1217 428 1473 482 magnum

101 494 319 565 Aequor
358 496 413 548 et
450 490 649 545 incesti
686 489 975 559 praedonis
1015 488 1134 541 vela
1172 485 1439 556 profunda
1740 494 1797 535 46

102 566 449 639 Tempestate
488 565 639 636 sequi
679 567 1008 632 cunctasque
1046 561 1244 614 inferre
1284 557 1532 613 sorores?

100 639 260 696 Nunc
285 657 496 711 quoque
521 669 610 709 -,
635 638 729 692 sed
752 637 986 705 tardum,
1022 636 1131 689 iam
1162 635 1324 704 plena
1363 631 1563 686 iniuria
1593 634 1800 700 raptae.

104 715 202 770 Ibo
240 718 427 769 tamen
464 713 753 784 pelagique
792 712 921 765 deos
962 710 1312 779 dextramque
1354 705 1587 774 secundi,

104 789 260 854 Quod
300 790 562 858 superest,
600 785 882 857 complexa
920 782 1066 838 Iovis
1106 801 1203 853 per
1241 781 1483 850 Tethyos
1524 796 1693 832 annos

104 861 588 931 Grandaevumque
626 865 840 930 patrem
881 859 1109 927 supplex
1149 855 1458 909 miseranda
1491 853 1696 923 rogabo
1748 865 1803 904 50

16 937 21 968 ³*
102 935 280 991 Unam
317 936 586 990 hiemem.'
651 933 804 987 Dixit
843 949 1207 1002 magnumque
1246 930 1304 983 in
1343 933 1586 998 tempore
1618 943 1803 996 regem

16 1019 17 1066 ζ
103 1010 335 1080 Aspicit.
412 1009 627 1063 Oceano
666 1007 919 1062 veniebat
957 1007 1025 1059 ab
1065 1005 1296 1074 hospite,
1335 1002 1535 1055 mensis

16 1090 17 1150 Ῑ
103 1083 304 1139 Laetus
345 1086 400 1137 et
439 1090 705 1153 aequoreo
746 1081 969 1135 diffusus
1009 1083 1227 1132 nectare
1265 1077 1473 1144 vultus,

16 1202 17 1231 2
103 1157 262 1213 Unde
297 1158 506 1211 hiemes
546 1157 800 1226 ventique
839 1155 1003 1207 silent
1042 1156 1312 1222 cantuque
1353 1150 1534 1220 quieto

105 1231 380 1303 Armigeri
419 1230 669 1284 Tritones
710 1231 838 1282 eunt
878 1228 1271 1297 scopulosaque
1311 1230 1427 1278 cete
1747 1235 1803 1274 55

106 1305 476 1376 Tyrrhenique
517 1320 709 1375 greges
750 1304 1055 1372 circumque
1094 1300 1341 1369 infraque
1380 1299 1634 1351 rotantur

93 1378 254 1451 ‚Rege
294 1379 556 1450 salutat03
594 1377 822 1448 placidis
862 1376 979 1445 ipse
1020 1374 1217 1427 arduus
1257 1372 1418 1425 undis

106 1450 327 1509 Eminet
365 1456 420 1507 et
456 1451 662 1521 triplici
698 1450 808 1503 telo
849 1450 1001 1503 iubet
1038 1449 1117 1501 ire
1155 1447 1380 1517 iugales,

106 1525 198 1580 Illi
237 1526 560 1597 spumiferos
601 1526 910 1596 glomerant
949 1541 981 1576 a
1019 1525 1238 1592 pectore
1278 1538 1481 1587 cursu8‚

107 1600 255 1654 Pone
293 1601 490 1654 natant
527 1600 812 1668 delentque
850 1597 1048 1667 pedum
1087 1594 1318 1665 vestigia
1357 1591 1543 1647 cauda.
1749 1603 1806 1644 60

111 1671 247 1727 Cum
286 1673 498 1727 Thetis:
537 1671 604 1727 ‘0
643 1672 829 1743 magni
868 1671 1083 1742 genitor
1115 1672 1406 1738 rectorque
1445 1665 1722 1736 profundi,

111 1746 331 1817 Aspicis
367 1747 426 1800 in
465 1748 641 1817 qualis
681 1748 939 1800 miserum
978 1742 1299 1814 patefeceris
1338 1760 1468 1795 usus

113 1819 368 1890 Aequor?
413 1820 563 1874 Eunt
599 1821 735 1874 tutis
773 1823 1039 1873 terrarum
1079 1818 1305 1871 crimina
1343 1815 1498 1885 velis»,

112 1892 199 1948 Ex
238 1911 342 1963 quo
382 1894 502 1947 iura
538 1894 667 1946 freti
705 1894 1152 1961 maiestatemque
1191 1892 1467 1960 repostam

113 1966 285 2036 Rupit
321 1966 539 2020 Iasonia
575 1968 773 2036 puppis
811 1966 1093 2036 Pagasaea
1131 1965 1336 2034 rapina.
1750 1974 1805 2014 65

232 2174 290 2214 42
332 2182 487 2215 versus
515 2169 570 2213 in
605 2174 627 2211 t
651 2169 810 2225 prima
839 2182 983 2212 manu
1006 2168 1218 2223 omissus,
1249 2168 1396 2212 altera
1418 2170 1526 2223 post
1555 2179 1595 2210 v.
1629 2168 1690 2210 43
1720 2166 1811 2210 imo

114 2229 322 2286 margine
345 2229 607 2284 adscriptus
632 2230 640 2282 1
666 2227 850 2272 dolores
873 2233 894 2270 t
911 2230 947 2269 G
969 2229 986 2284 ΙΙ
1016 2231 1071 2270 43
1089 2227 1215 2271 Num
1241 2225 1409 2271 Venett.
1435 2225 1544 2269 Αἶά.
1573 2227 1580 2281 Ι
1606 2225 1811 2281 primum

116 2287 301 2346 gurgite
332 2291 371 2330 A
401 2287 604 2345 primum
634 2286 682 2330 in
713 2287 900 2344 gurgite
928 2286 1092 2343 1114?
1122 2285 1298 2342 Iboque
1330 2285 1410 2329 sed
1438 2284 1573 2328 tarde
1605 2284 1702 2328 iam
1741 2283 1807 2342 G}

117 2346 303 2391 tardum
333 2349 371 2390 A
401 2347 588 2392 tardum
620 2346 693 2391 est
721 2350 767 2388 Π
798 2346 815 2402 ΙΙ
845 2349 902 2389 48
934 2358 1111 2390 versum
1143 2348 1178 2387 G
1209 2345 1262 2388 in
1293 2348 1507 2390 contextu
1537 2344 1704 2398 mnis-it,
1734 2343 1814 2388 sed

114 2405 169 2450 in
195 2405 287 2462 fine
317 2407 525 2464 paginae
562 2405 736 2450 exhibet
757 2405 774 2462 ΙΙ
809 2409 865 2448 49
900 2418 1060 2449 amnes
1092 2408 1183 2448 ΕΗ
1215 2405 1315 2449 edd.
1348 2407 1455 2448 ante
1485 2402 1773 2448 Gronovium
1797 2402 1813 2459 ³1

16 2502 17 2518 ἶ
117 2466 176 2508 53
215 2477 468 2524 aequoreos
501 2465 617 2509 coni.
648 2463 959 2508 Baehrensius
990 2464 1171 2508 vultum
1203 2467 1239 2505 G
1276 2463 1374 2508 edd.
1406 2465 1507 2507 vett.
1547 2465 1563 2519 n
1602 2466 1657 2506 55
1690 2475 1813 2506 scru-

115 2534 323 2625 gosaque
353 2524 579 2568 Heinsius
622 2525 639 2580 ΙΙ
684 2526 741 2567 58
777 2522 911 2567 iuuet
940 2527 974 2565 P
996 2524 1012 2580 ss
1035 2527 1092 2567 59
1125 2537 1285 2567 cursus
1312 2529 1345 2566 P
1383 2522 1464 2577 (cf.
1498 2521 1628 2579 Very.
1649 2521 1810 2578 Geor-9.

153 2578 224 2627 ΙΙ
242 2585 352 2639 117)
381 2582 549 2627 fluctus
581 2582 714 2627 ceteri
735 2582 751 2638 ΙΙ
774 2587 831 2626 60
856 2582 1031 2627 caudae
1061 2581 1381 2640 Weytinyhius
1405 2581 1502 2626 coll.
1537 2580 1669 2638 Verq.
1694 2581 1809 2624 Aen.

117 2638 190 2685 II
219 2644 316 2687 20⁷
352 2645 395 2686 ct
428 2646 532 2698 post
562 2655 663 2686 ewm
693 2641 958 2697 Hauptius;
995 2645 1045 2686 at
1074 2645 1189 2686 recte
1215 2641 1461 2684 Menkius:
1503 2639 1812 2684 ‘Anteriorem

118 2701 321 2759 emporis
346 2705 524 2757 partem
553 2701 744 2758 pedibus
782 2700 1054 2745 instructam
1086 2701 1257 2757 coyita,
1289 2700 1346 2754 cf.
1380 2699 1514 2742 Theb.
1542 2699 1613 2741 II
1640 2701 1702 2742 46
1732 2711 1812 2754 sq„

119 2770 308 2814 quorum
337 2761 530 2817 vestiyia
568 2761 720 2804 cauda
750 2759 891 2804 deleri
912 2763 1051 2816 poeta
1075 2759 1222 2804 dicit?
1281 2759 1350 2814 Cf.
1385 2757 1516 2814 Very.
1542 2757 1702 2814 Georq.
1730 2757 1763 2799 1
1775 2757 1818 2799 V

120 2818 213 2863 389
233 2819 251 2876 ΙΙ
274 2823 328 2863 61
355 2818 473 2863 Cum
499 2822 537 2862 A
569 2818 654 2864 Cui
680 2823 794 2875 Gpn
819 2833 920 2863 sum
944 2825 965 2862 t
996 2819 1183 2863 TuncH
1210 2819 1216 2874 Ι
1243 2817 1430 2874 genitor
1451 2818 1695 2872 rectorque
1720 2819 1811 2858 An

120 2877 272 2922 rector
302 2877 578 2935 genitorque
609 2878 706 2923 edd.
