1976 3094
663 86 1004 156 Tnnssnbos
1036 109 1145 156 Lm.
1180 110 1255 156 vi.
1701 114 1803 169 161

67 235 74 277 ἓ
120 234 277 291 Solus
315 232 644 290 Echionides
686 235 900 287 errante
941 232 1160 286 silentia
1197 251 1358 287 curru
1717 249 1805 290 445

26 362 27 366 ,
121 309 333 365 Maesta
369 311 520 363 tenet
557 306 877 377 trepidaque
915 307 1075 360 timet
1114 324 1170 360 se
1211 325 1342 362 voce
1379 307 1554 362 fateri.

197 381 434 438 Vixdum
473 384 694 452 coeptus
735 382 887 451 equis
924 380 1102 451 labor,
1142 384 1197 435 et
1227 381 1335 435 iam
1365 382 1587 452 pulvere
1617 385 1811 453 quarto

60 461 91 504 0
123 457 388 528 Campum
425 457 636 524 ineunt,
675 455 889 525 iamque
931 458 986 508 et
1022 455 1221 525 tepidis
1261 456 1547 510 sudoribus
1588 461 1737 512 artus

33 454 62 631 ἶ
121 531 309 603 Effeti,
349 534 405 586 et
442 548 685 586 crassum
724 530 870 599 rapit
909 529 1209 600 eiectatque
1247 549 1504 600 vaporem

122 605 486 677 Cornipedum
525 604 803 658 flammata
843 604 987 672 sitis,
1025 621 1124 658 nec
1163 604 1271 658 iam
1312 605 1525 675 integer
1562 605 1672 659 illis
1723 619 1810 661 450

74 751 75 754 ¹
121 679 388 751 Impetus,
427 683 482 734 et
517 678 669 749 longi
707 678 1040 748 suspendunt
1077 678 1174 731 ilia
1212 679 1388 732 flatuS.

122 754 228 810 Hic
267 772 465 824 anceps
504 753 747 807 Fortuna
786 753 877 806 diu
916 752 1197 806 decernere
1237 753 1469 822 primum

30 829 92 898 375
123 828 274 884 Ausa
310 828 474 883 venit.
550 827 703 897 Ruit,
742 825 1105 880 Haemonium
1148 827 1274 880 dum
1315 826 1553 881 fervidus
1593 828 1762 882 instat

116 904 407 957 Admetum
448 919 724 973 superare,
764 899 968 971 ThoaS,
1005 919 1104 955 nec
1142 902 1369 971 pertulit
1406 902 1582 955 ullam

114 977 304 1031 Frater
344 995 516 1047 opem.
579 975 731 1031 Velit
769 975 864 1028 ille
896 975 1135 1045 quidem,
1177 975 1269 1028 sed
1301 975 1530 1029 Martius
1565 982 1691 1030 ante
1721 990 1811 1031 455

117 1051 347 1107 Obstitit
383 1050 757 1121 Hippodamus
798 1049 1107 1119 mediasque
1148 1049 1375 1103 immisit
1413 1048 1673 1104 habenas.

32 1152 33 1165 ι
123 1124 253 1180 Mox
285 1124 535 1180 Chromis
567 1124 972 1194 Hippodamum
1011 1127 1189 1177 metae
1220 1124 1495 1178 interioris
1529 1124 1596 1178 ad
1629 1125 1814 1179 orbem

41 1202 96 1246 90
127 1200 350 1255 Viribus
390 1199 670 1253 Herculeis
711 1201 767 1252 et
804 1201 923 1252 toto
963 1198 1158 1252 robore
1197 1199 1369 1268 patris

127 1274 247 1330 Axe
285 1276 436 1329 tenet
473 1285 691 1343 prenso,
731 1272 1005 1327 luctantur
1044 1272 1198 1326 abire
1237 1273 1447 1343 iugales

127 1348 470 1420 Nequiquam
508 1348 795 1416 ftenosque
836 1350 891 1400 et
929 1346 1069 1400 colla
1107 1347 1342 1416 rigentia
1379 1346 1622 1400 tendunt.
1731 1360 1819 1402 460

129 1422 207 1477 Ut
247 1421 454 1477 Siculas
495 1423 542 1476 si
581 1421 795 1492 quando
835 1424 981 1474 rates
1020 1423 1172 1474 tenet
1212 1424 1392 1475 aestus
1433 1425 1487 1474 et
1526 1421 1716 1492 ingens

132 1496 331 1552 Auster
369 1497 507 1568 agit,
546 1496 722 1550 medio
763 1499 914 1549 stant
951 1495 1074 1549 vela
1112 1495 1382 1548 tumentia
1420 1499 1605 1564 ponto.

44 1571 104 1617 85
134 1570 287 1626 Tunc
324 1571 503 1643 ipsum
541 1570 714 1624 fracto
754 1587 914 1623 curru
953 1569 1228 1635 deturbat,
1268 1573 1323 1622 et
1362 1570 1494 1623 isset

130 1644 275 1700 Ante
314 1643 593 1714 Chromis3
641 1643 734 1698 sed
781 1643 1020 1697 Thraces
1072 1643 1198 1713 equi
1235 1647 1298 1696 ut
1336 1643 1517 1697 videre
1557 1644 1822 1697 iacentem

69 1731 79 1793 ,¹
130 1719 553 1791 Hippodamum,
565 1719 708 1773 redit
724 1718 820 1771 illa
838 1719 1024 1787 fameS‚
1034 1718 1143 1771 iam
1161 1718 1375 1787 iamque
1392 1722 1719 1772 trementem
1735 1731 1822 1773 465

70 1823 74 1847 ;
132 1793 331 1847 Partiti
367 1793 546 1860 furiiS‚
583 1793 644 1847 ni
680 1793 834 1846 frena
875 1792 1128 1863 ipsosque
1167 1791 1458 1846 frementes

62 1879 68 1937 ss
134 1867 352 1922 Oblitus
391 1868 605 1937 palmae
643 1871 791 1921 retro
831 1866 1155 1935 Tirynthius
1194 1866 1354 1920 heros

47 1943 104 1989 ⁹0
135 1942 410 1996 Torsisset
446 1941 727 2012 victusque
765 1943 821 1994 et
860 1941 1211 1994 conlaudatus
1251 1942 1468 1995 abisset.

210 2014 287 2070 At
325 2015 428 2069 tibi
467 2015 767 2085 promissos
806 2014 1119 2067 iamdudum
1157 2014 1410 2068 Phoebus
1450 2016 1708 2083 honoreS‚

54 2121 63 2138 τ
136 2090 488 2160 Amphiarae,
528 2090 691 2158 cupit.
767 2087 1009 2141 Tandem
1047 2091 1199 2141 ratus
1240 2092 1369 2158 apta
1407 2089 1583 2142 favori
1739 2101 1828 2142 470

138 2165 408 2236 Tempora
446 2163 691 2234 pulverei
730 2162 881 2216 venit
918 2163 976 2216 in
1017 2162 1194 2231 spatia
1230 2162 1452 2216 horrida
1492 2164 1642 2230 circi,

141 2238 276 2294 Cum
314 2239 423 2293 iam
462 2238 519 2291 in
558 2239 664 2291 fine
703 2237 845 2306 viae,
886 2239 940 2290 et
979 2255 1250 2290 summum
1289 2237 1522 2291 victoria
1560 2240 1743 2302 nutat3

52 2312 111 2360 ⁹5
141 2312 537 2384 Anguicomam
576 2311 805 2366 monstri
845 2311 1105 2382 effigiem,
1146 2312 1463 2365 saevissima
1502 2311 1622 2365 visu

142 2386 272 2458 Ora,
311 2389 495 2441 movet
535 2387 644 2439 sive
683 2387 774 2439 ille
811 2384 992 2439 Erebo
1035 2404 1128 2439 seu
1166 2386 1325 2439 finxit
1363 2387 1420 2439 in
1460 2389 1583 2440 actu

75 2519 83 2532 -.
141 2461 443 2532 TemporiS,
483 2461 765 2515 innumera
803 2463 946 2515 certe
984 2459 1272 2514 formidine
1312 2461 1519 2514 cultum
1744 2474 1829 2514 475

263 2613 350 2654 447
369 2607 462 2652 Vix
479 2608 552 2651 ter
567 2607 846 2652 Bernartius
869 2609 883 2665 ΙΙ
907 2612 993 2651 449
1015 2605 1284 2662 eiectatque
1300 2612 1378 2650 PG
1393 2607 1526 2654 Leid.
1544 2606 1832 2662 iniectatque

80 2677 85 2682 ·
143 2666 447 2734 802111454
477 2665 706 2724 praetulit
735 2667 860 2713 codd.
893 2667 1007 2722 edd„
1042 2680 1155 2711 corr
1187 2667 1497 2712 Baehrensius
1519 2669 1536 2724 ΙΙ
1559 2671 1645 2711 459
1671 2679 1832 2723 presso

83 2774 85 2778 Α
144 2729 222 2770 PG
249 2728 266 2785 u
297 2732 380 2772 461
422 2725 556 2783 ignes
589 2731 622 2768 P
644 2726 660 2782 ΙΙ
682 2730 768 2770 462
798 2726 910 2784 aget
938 2731 971 2769 P
994 2728 1010 2784 u
1033 2730 1121 2771 474
1160 2725 1210 2769 in
1248 2728 1377 2771 artus
1409 2732 1442 2770 P
1471 2727 1523 2770 in
1554 2727 1661 2770 astu
1682 2724 1835 2768 80²1

147 2787 244 2832 odd.
277 2799 360 2831 seu
397 2785 596 2830 finxerat
635 2786 769 2830 aestu
805 2786 1034 2831 Barthius
1072 2785 1123 2829 in
1157 2785 1255 2830 ictu
1286 2786 1344 2830 R.
1387 2786 1592 2845 Unqerus
1623 2784 1674 2828 in
1704 2787 1832 2829 astus

151 2845 403 2892 Muellerus
432 2845 483 2889 in
513 2846 622 2890 actu
653 2859 790 2890 anon.
822 2845 1030 2892 Heidelb.
1061 2846 1159 2890 coll.
1196 2847 1318 2891 XII
1353 2850 1447 2891 187

240 2927 380 2961 Sum
404 2929 596 2962 'ramniu-³.
1425 2926 1472 2963 11
