<?xml version="1.0" encoding="UTF-8"?>
<!DOCTYPE html PUBLIC "-//W3C//DTD XHTML 1.0 Transitional//EN"
    "http://www.w3.org/TR/xhtml1/DTD/xhtml1-transitional.dtd">
<html xmlns="http://www.w3.org/1999/xhtml" xml:lang="en" lang="en">
 <head>
  <title>
</title>
<meta http-equiv="Content-Type" content="text/html;charset=utf-8" />
  <meta name='ocr-system' content='tesseract 3.04.00' />
  <meta name='ocr-capabilities' content='ocr_page ocr_carea ocr_par ocr_line ocrx_word'/>
</head>
<body>
  <div class='ocr_page' id='page_1' title='image "./operapapinius12statuoft_0310.png"; bbox 0 0 1976 3094; ppageno 0'>
   <div class='ocr_carea' id='block_1_1' title="bbox 215 94 1332 148">
    <p class='ocr_par' dir='ltr' id='par_1_1' title="bbox 215 94 1332 148">
     <span class='ocr_line' id='line_1_1' title="bbox 215 94 1332 148; baseline 0.001 -9"><span class='ocrx_word' id='word_1_1' title='bbox 215 95 290 148; x_wconf 86' lang='lat'>40</span> <span class='ocrx_word' id='word_1_2' title='bbox 794 95 843 140; x_wconf 91' lang='lat' dir='ltr'>P.</span> <span class='ocrx_word' id='word_1_3' title='bbox 876 95 1103 140; x_wconf 84' lang='lat' dir='ltr'>PAPINII</span> <span class='ocrx_word' id='word_1_4' title='bbox 1134 94 1332 141; x_wconf 84' lang='lat' dir='ltr'>STATII</span> 
     </span>
    </p>
   </div>
   <div class='ocr_carea' id='block_1_2' title="bbox 1881 0 1976 2083">
    <p class='ocr_par' dir='ltr' id='par_1_2' title="bbox 1881 0 1976 2083">
     <span class='ocr_line' id='line_1_2' title="bbox 1881 0 1976 2083; baseline 0 0"><span class='ocrx_word' id='word_1_5' title='bbox 1881 0 1976 2083; x_wconf 95' lang='lat' dir='ltr'> </span> 
     </span>
    </p>
   </div>
   <div class='ocr_carea' id='block_1_3' title="bbox 196 215 1973 2289">
    <p class='ocr_par' dir='ltr' id='par_1_3' title="bbox 203 215 1973 1547">
     <span class='ocr_line' id='line_1_3' title="bbox 290 215 1920 288; baseline 0.002 -19"><span class='ocrx_word' id='word_1_6' title='bbox 290 216 543 270; x_wconf 86' lang='lat' dir='ltr'>Lemnius</span> <span class='ocrx_word' id='word_1_7' title='bbox 583 217 738 286; x_wconf 90' lang='lat' dir='ltr'>haec,</span> <span class='ocrx_word' id='word_1_8' title='bbox 779 220 838 270; x_wconf 92' lang='lat' dir='ltr'>ut</span> <span class='ocrx_word' id='word_1_9' title='bbox 875 217 1055 286; x_wconf 85' lang='lat' dir='ltr'>prisca</span> <span class='ocrx_word' id='word_1_10' title='bbox 1093 216 1250 285; x_wconf 88' lang='lat' dir='ltr'>fides,</span> <span class='ocrx_word' id='word_1_11' title='bbox 1289 215 1560 270; x_wconf 86' lang='lat' dir='ltr'>Mavortia</span> <span class='ocrx_word' id='word_1_12' title='bbox 1598 219 1820 288; x_wconf 90' lang='lat' dir='ltr'>longum</span> <span class='ocrx_word' id='word_1_13' title='bbox 1918 270 1920 273; x_wconf 81' lang='grc'><em>.</em></span> 
     </span>
     <span class='ocr_line' id='line_1_4' title="bbox 215 289 1951 360; baseline 0.003 -18"><span class='ocrx_word' id='word_1_14' title='bbox 215 289 385 343; x_wconf 86' lang='lat' dir='ltr'>Furta</span> <span class='ocrx_word' id='word_1_15' title='bbox 425 291 636 360; x_wconf 92' lang='lat' dir='ltr'>dolens,</span> <span class='ocrx_word' id='word_1_16' title='bbox 677 294 835 360; x_wconf 87' lang='lat' dir='ltr'>capto</span> <span class='ocrx_word' id='word_1_17' title='bbox 875 294 1166 360; x_wconf 89' lang='lat' dir='ltr'>postquam</span> <span class='ocrx_word' id='word_1_18' title='bbox 1203 290 1283 343; x_wconf 87' lang='lat' dir='ltr'>nil</span> <span class='ocrx_word' id='word_1_19' title='bbox 1322 291 1505 343; x_wconf 84' lang='lat' dir='ltr'>obstat</span> <span class='ocrx_word' id='word_1_20' title='bbox 1545 293 1717 345; x_wconf 90' lang='lat' dir='ltr'>amori</span> <span class='ocrx_word' id='word_1_21' title='bbox 1817 307 1906 348; x_wconf 82' lang='grc'>270</span> <span class='ocrx_word' id='word_1_22' title='bbox 1949 291 1951 329; x_wconf 55' lang='lat'>³</span> 
     </span>
     <span class='ocr_line' id='line_1_5' title="bbox 213 364 1953 434; baseline 0.001 -17"><span class='ocrx_word' id='word_1_23' title='bbox 213 364 397 418; x_wconf 91' lang='lat' dir='ltr'>Poena</span> <span class='ocrx_word' id='word_1_24' title='bbox 434 384 532 418; x_wconf 91' lang='lat' dir='ltr'>nec</span> <span class='ocrx_word' id='word_1_25' title='bbox 569 365 790 419; x_wconf 91' lang='lat' dir='ltr'>ultrices</span> <span class='ocrx_word' id='word_1_26' title='bbox 831 366 1167 434; x_wconf 72' lang='lat' dir='ltr'>castigavere</span> <span class='ocrx_word' id='word_1_27' title='bbox 1206 366 1450 432; x_wconf 85' lang='lat' dir='ltr'>catenae,</span> <span class='ocrx_word' id='word_1_28' title='bbox 1952 392 1953 396; x_wconf 58' lang='lat'><em>=</em></span> 
     </span>
     <span class='ocr_line' id='line_1_6' title="bbox 215 438 1478 508; baseline -0.001 -17"><span class='ocrx_word' id='word_1_29' title='bbox 215 438 548 492; x_wconf 85' lang='lat' dir='ltr'>Harmoniae</span> <span class='ocrx_word' id='word_1_30' title='bbox 589 439 770 492; x_wconf 89' lang='lat' dir='ltr'>dotale</span> <span class='ocrx_word' id='word_1_31' title='bbox 811 439 969 492; x_wconf 89' lang='lat' dir='ltr'>decus</span> <span class='ocrx_word' id='word_1_32' title='bbox 1012 440 1110 492; x_wconf 90' lang='lat' dir='ltr'>sub</span> <span class='ocrx_word' id='word_1_33' title='bbox 1150 439 1269 491; x_wconf 92' lang='lat' dir='ltr'>luce</span> <span class='ocrx_word' id='word_1_34' title='bbox 1308 438 1478 508; x_wconf 88' lang='lat' dir='ltr'>iugali</span> 
     </span>
     <span class='ocr_line' id='line_1_7' title="bbox 215 510 1921 583; baseline 0.002 -18"><span class='ocrx_word' id='word_1_35' title='bbox 215 510 512 567; x_wconf 80' lang='lat' dir='ltr'>Struxerat.</span> <span class='ocrx_word' id='word_1_36' title='bbox 589 513 729 582; x_wconf 92' lang='lat' dir='ltr'>Hoc,</span> <span class='ocrx_word' id='word_1_37' title='bbox 771 513 916 567; x_wconf 89' lang='lat' dir='ltr'>docti</span> <span class='ocrx_word' id='word_1_38' title='bbox 956 532 1281 583; x_wconf 89' lang='lat' dir='ltr'>quamquam</span> <span class='ocrx_word' id='word_1_39' title='bbox 1320 513 1551 583; x_wconf 89' lang='lat' dir='ltr'>maiora,</span> <span class='ocrx_word' id='word_1_40' title='bbox 1590 514 1843 568; x_wconf 91' lang='lat' dir='ltr'>laborant</span> <span class='ocrx_word' id='word_1_41' title='bbox 1920 515 1921 518; x_wconf 63' lang='grc'>’</span> 
     </span>
     <span class='ocr_line' id='line_1_8' title="bbox 215 584 1567 658; baseline 0.001 -19"><span class='ocrx_word' id='word_1_42' title='bbox 215 584 502 656; x_wconf 84' lang='lat' dir='ltr'>Cyclopes⁷</span> <span class='ocrx_word' id='word_1_43' title='bbox 541 588 764 658; x_wconf 90' lang='lat' dir='ltr'>notique</span> <span class='ocrx_word' id='word_1_44' title='bbox 805 606 1028 657; x_wconf 89' lang='lat' dir='ltr'>operum</span> <span class='ocrx_word' id='word_1_45' title='bbox 1068 587 1352 640; x_wconf 83' lang='lat' dir='ltr'>Telchines</span> <span class='ocrx_word' id='word_1_46' title='bbox 1394 587 1567 640; x_wconf 89' lang='lat' dir='ltr'>amica</span> 
     </span>
     <span class='ocr_line' id='line_1_9' title="bbox 215 658 1902 731; baseline 0.003 -18"><span class='ocrx_word' id='word_1_47' title='bbox 215 658 482 714; x_wconf 72' lang='lat' dir='ltr'>Certatim</span> <span class='ocrx_word' id='word_1_48' title='bbox 521 662 702 715; x_wconf 87' lang='lat' dir='ltr'>iuvere</span> <span class='ocrx_word' id='word_1_49' title='bbox 741 681 928 731; x_wconf 78' lang='lat' dir='ltr'>manu3</span> <span class='ocrx_word' id='word_1_50' title='bbox 970 662 1062 715; x_wconf 87' lang='lat' dir='ltr'>sed</span> <span class='ocrx_word' id='word_1_51' title='bbox 1100 662 1361 730; x_wconf 89' lang='lat' dir='ltr'>plurimus</span> <span class='ocrx_word' id='word_1_52' title='bbox 1399 661 1507 730; x_wconf 87' lang='lat' dir='ltr'>ipsi</span> <span class='ocrx_word' id='word_1_53' title='bbox 1815 677 1902 718; x_wconf 86' lang='grc'>275</span> 
     </span>
     <span class='ocr_line' id='line_1_10' title="bbox 213 733 1961 805; baseline 0.001 -18"><span class='ocrx_word' id='word_1_54' title='bbox 213 733 400 788; x_wconf 82' lang='lat' dir='ltr'>Sudor.</span> <span class='ocrx_word' id='word_1_55' title='bbox 477 735 563 788; x_wconf 92' lang='lat' dir='ltr'>Ibi</span> <span class='ocrx_word' id='word_1_56' title='bbox 602 755 797 789; x_wconf 90' lang='lat' dir='ltr'>arcano</span> <span class='ocrx_word' id='word_1_57' title='bbox 837 737 1089 789; x_wconf 90' lang='lat' dir='ltr'>florentes</span> <span class='ocrx_word' id='word_1_58' title='bbox 1128 736 1253 805; x_wconf 86' lang='lat' dir='ltr'>igne</span> <span class='ocrx_word' id='word_1_59' title='bbox 1293 735 1610 804; x_wconf 88' lang='lat' dir='ltr'>zmaragdos</span> <span class='ocrx_word' id='word_1_60' title='bbox 1959 749 1961 755; x_wconf 84' lang='lat'>&#39;</span> 
     </span>
     <span class='ocr_line' id='line_1_11' title="bbox 213 806 1723 879; baseline 0.003 -19"><span class='ocrx_word' id='word_1_61' title='bbox 213 806 397 878; x_wconf 86' lang='lat' dir='ltr'>Cingit</span> <span class='ocrx_word' id='word_1_62' title='bbox 437 813 490 861; x_wconf 91' lang='lat' dir='ltr'>et</span> <span class='ocrx_word' id='word_1_63' title='bbox 526 810 796 863; x_wconf 88' lang='lat' dir='ltr'>infaustas</span> <span class='ocrx_word' id='word_1_64' title='bbox 836 829 1151 879; x_wconf 88' lang='lat' dir='ltr'>percussum</span> <span class='ocrx_word' id='word_1_65' title='bbox 1190 810 1480 862; x_wconf 85' lang='lat' dir='ltr'>adamanta</span> <span class='ocrx_word' id='word_1_66' title='bbox 1520 810 1723 878; x_wconf 88' lang='lat' dir='ltr'>figuras</span> 
     </span>
     <span class='ocr_line' id='line_1_12' title="bbox 210 882 1646 954; baseline 0.001 -19"><span class='ocrx_word' id='word_1_67' title='bbox 210 882 634 954; x_wconf 82' lang='lat' dir='ltr'>Gorgoneosque</span> <span class='ocrx_word' id='word_1_68' title='bbox 675 886 833 937; x_wconf 92' lang='lat' dir='ltr'>orbes</span> <span class='ocrx_word' id='word_1_69' title='bbox 877 884 1161 953; x_wconf 79' lang='lat' dir='ltr'>Siculaque</span> <span class='ocrx_word' id='word_1_70' title='bbox 1200 883 1388 936; x_wconf 87' lang='lat' dir='ltr'>incude</span> <span class='ocrx_word' id='word_1_71' title='bbox 1427 883 1646 937; x_wconf 87' lang='lat' dir='ltr'>relictos</span> 
     </span>
     <span class='ocr_line' id='line_1_13' title="bbox 208 956 1703 1028; baseline 0.003 -20"><span class='ocrx_word' id='word_1_72' title='bbox 208 956 473 1010; x_wconf 85' lang='lat' dir='ltr'>Fulminis</span> <span class='ocrx_word' id='word_1_73' title='bbox 516 960 742 1012; x_wconf 83' lang='lat' dir='ltr'>extremi</span> <span class='ocrx_word' id='word_1_74' title='bbox 783 959 989 1012; x_wconf 90' lang='lat' dir='ltr'>cineres</span> <span class='ocrx_word' id='word_1_75' title='bbox 1029 958 1368 1028; x_wconf 88' lang='lat' dir='ltr'>viridumque</span> <span class='ocrx_word' id='word_1_76' title='bbox 1409 957 1703 1012; x_wconf 83' lang='lat' dir='ltr'>draconum</span> 
     </span>
     <span class='ocr_line' id='line_1_14' title="bbox 207 1030 1967 1109; baseline 0.003 -26"><span class='ocrx_word' id='word_1_77' title='bbox 207 1030 471 1085; x_wconf 90' lang='lat' dir='ltr'>Lucentes</span> <span class='ocrx_word' id='word_1_78' title='bbox 512 1052 544 1085; x_wconf 89' lang='lat' dir='ltr'>a</span> <span class='ocrx_word' id='word_1_79' title='bbox 582 1033 764 1086; x_wconf 84' lang='lat' dir='ltr'>fronte</span> <span class='ocrx_word' id='word_1_80' title='bbox 803 1034 982 1102; x_wconf 78' lang='lat' dir='ltr'>iubas3</span> <span class='ocrx_word' id='word_1_81' title='bbox 1020 1032 1109 1086; x_wconf 92' lang='lat' dir='ltr'>hic</span> <span class='ocrx_word' id='word_1_82' title='bbox 1147 1032 1326 1086; x_wconf 90' lang='lat' dir='ltr'>flebile</span> <span class='ocrx_word' id='word_1_83' title='bbox 1366 1048 1589 1101; x_wconf 82' lang='lat' dir='ltr'>germen</span> <span class='ocrx_word' id='word_1_84' title='bbox 1808 1049 1897 1088; x_wconf 81' lang='grc'>280</span> <span class='ocrx_word' id='word_1_85' title='bbox 1930 1030 1967 1109; x_wconf 50' lang='grc' dir='ltr'>ζ</span> 
     </span>
     <span class='ocr_line' id='line_1_15' title="bbox 206 1105 1967 1178; baseline 0.003 -21"><span class='ocrx_word' id='word_1_86' title='bbox 206 1105 567 1176; x_wconf 87' lang='lat' dir='ltr'>Hesperidum</span> <span class='ocrx_word' id='word_1_87' title='bbox 608 1110 661 1159; x_wconf 90' lang='lat' dir='ltr'>et</span> <span class='ocrx_word' id='word_1_88' title='bbox 702 1108 879 1160; x_wconf 90' lang='lat' dir='ltr'>dirum</span> <span class='ocrx_word' id='word_1_89' title='bbox 917 1106 1139 1160; x_wconf 83' lang='lat' dir='ltr'>Phrixei</span> <span class='ocrx_word' id='word_1_90' title='bbox 1177 1106 1396 1159; x_wconf 85' lang='lat' dir='ltr'>velleris</span> <span class='ocrx_word' id='word_1_91' title='bbox 1438 1124 1653 1178; x_wconf 81' lang='lat' dir='ltr'>aurum3</span> <span class='ocrx_word' id='word_1_92' title='bbox 1966 1112 1967 1126; x_wconf 60' lang='lat'><strong>³</strong></span> 
     </span>
     <span class='ocr_line' id='line_1_16' title="bbox 207 1179 1659 1250; baseline 0.002 -19"><span class='ocrx_word' id='word_1_93' title='bbox 207 1179 345 1232; x_wconf 87' lang='lat' dir='ltr'>Tum</span> <span class='ocrx_word' id='word_1_94' title='bbox 385 1182 564 1234; x_wconf 86' lang='lat' dir='ltr'>varias</span> <span class='ocrx_word' id='word_1_95' title='bbox 605 1184 786 1250; x_wconf 85' lang='lat' dir='ltr'>pestes</span> <span class='ocrx_word' id='word_1_96' title='bbox 825 1200 922 1250; x_wconf 89' lang='lat' dir='ltr'>rap</span> <span class='ocrx_word' id='word_1_97' title='bbox 953 1199 1149 1250; x_wconf 89' lang='lat' dir='ltr'>umque</span> <span class='ocrx_word' id='word_1_98' title='bbox 1188 1180 1501 1250; x_wconf 89' lang='lat' dir='ltr'>interplicat</span> <span class='ocrx_word' id='word_1_99' title='bbox 1541 1183 1659 1234; x_wconf 85' lang='lat' dir='ltr'>atro</span> 
     </span>
     <span class='ocr_line' id='line_1_17' title="bbox 205 1253 1836 1324; baseline 0.002 -18"><span class='ocrx_word' id='word_1_100' title='bbox 205 1253 530 1323; x_wconf 87' lang='lat' dir='ltr'>Tisiphones</span> <span class='ocrx_word' id='word_1_101' title='bbox 570 1256 636 1307; x_wconf 88' lang='lat' dir='ltr'>de</span> <span class='ocrx_word' id='word_1_102' title='bbox 676 1256 821 1309; x_wconf 84' lang='lat' dir='ltr'>crine</span> <span class='ocrx_word' id='word_1_103' title='bbox 862 1256 930 1308; x_wconf 94' lang='lat' dir='ltr'>du</span> <span class='ocrx_word' id='word_1_104' title='bbox 965 1273 1071 1324; x_wconf 92' lang='lat' dir='ltr'>em,</span> <span class='ocrx_word' id='word_1_105' title='bbox 1112 1257 1167 1308; x_wconf 91' lang='lat' dir='ltr'>et</span> <span class='ocrx_word' id='word_1_106' title='bbox 1205 1273 1340 1324; x_wconf 91' lang='lat' dir='ltr'>quae</span> <span class='ocrx_word' id='word_1_107' title='bbox 1379 1254 1616 1324; x_wconf 88' lang='lat' dir='ltr'>pessima</span> <span class='ocrx_word' id='word_1_108' title='bbox 1656 1260 1836 1309; x_wconf 87' lang='lat' dir='ltr'>ceston</span> 
     </span>
     <span class='ocr_line' id='line_1_18' title="bbox 204 1327 1739 1401; baseline 0.002 -21"><span class='ocrx_word' id='word_1_109' title='bbox 204 1327 305 1381; x_wconf 91' lang='lat' dir='ltr'>Vis</span> <span class='ocrx_word' id='word_1_110' title='bbox 344 1329 564 1401; x_wconf 81' lang='lat' dir='ltr'>probat3</span> <span class='ocrx_word' id='word_1_111' title='bbox 602 1330 737 1384; x_wconf 89' lang='lat' dir='ltr'>haec</span> <span class='ocrx_word' id='word_1_112' title='bbox 772 1330 976 1383; x_wconf 15' lang='lat' dir='ltr'>,circum</span> <span class='ocrx_word' id='word_1_113' title='bbox 1017 1329 1221 1399; x_wconf 87' lang='lat' dir='ltr'>spumis</span> <span class='ocrx_word' id='word_1_114' title='bbox 1261 1329 1541 1383; x_wconf 89' lang='lat' dir='ltr'>lunaribus</span> <span class='ocrx_word' id='word_1_115' title='bbox 1582 1332 1739 1400; x_wconf 86' lang='lat' dir='ltr'>ungit</span> 
     </span>
     <span class='ocr_line' id='line_1_19' title="bbox 206 1399 1973 1473; baseline 0.003 -20"><span class='ocrx_word' id='word_1_116' title='bbox 206 1399 449 1455; x_wconf 83' lang='lat' dir='ltr'>Callidus</span> <span class='ocrx_word' id='word_1_117' title='bbox 490 1407 652 1473; x_wconf 89' lang='lat' dir='ltr'>atque</span> <span class='ocrx_word' id='word_1_118' title='bbox 691 1405 854 1457; x_wconf 90' lang='lat' dir='ltr'>hilari</span> <span class='ocrx_word' id='word_1_119' title='bbox 893 1403 1168 1473; x_wconf 89' lang='lat' dir='ltr'>perfundit</span> <span class='ocrx_word' id='word_1_120' title='bbox 1208 1407 1399 1456; x_wconf 91' lang='lat' dir='ltr'>cuncta</span> <span class='ocrx_word' id='word_1_121' title='bbox 1438 1422 1660 1457; x_wconf 82' lang='lat' dir='ltr'>veneno,</span> <span class='ocrx_word' id='word_1_122' title='bbox 1809 1419 1895 1460; x_wconf 84' lang='grc'>285</span> <span class='ocrx_word' id='word_1_123' title='bbox 1971 1409 1973 1430; x_wconf 64' lang='lat'><strong>¹</strong></span> 
     </span>
     <span class='ocr_line' id='line_1_20' title="bbox 203 1474 1663 1547; baseline 0.001 -19"><span class='ocrx_word' id='word_1_124' title='bbox 203 1474 331 1529; x_wconf 89' lang='lat' dir='ltr'>Non</span> <span class='ocrx_word' id='word_1_125' title='bbox 368 1477 472 1530; x_wconf 92' lang='lat' dir='ltr'>hoc</span> <span class='ocrx_word' id='word_1_126' title='bbox 511 1477 1135 1532; x_wconf 90' lang='lat' dir='ltr'>Pasithea-blandarum</span> <span class='ocrx_word' id='word_1_127' title='bbox 1173 1478 1352 1547; x_wconf 88' lang='lat' dir='ltr'>prima</span> <span class='ocrx_word' id='word_1_128' title='bbox 1393 1495 1663 1547; x_wconf 90' lang='lat' dir='ltr'>sororum,</span> 
     </span>
    </p>

    <p class='ocr_par' dir='ltr' id='par_1_4' title="bbox 202 1549 1714 1623">
     <span class='ocr_line' id='line_1_21' title="bbox 202 1549 1714 1623; baseline 0.003 -21"><span class='ocrx_word' id='word_1_129' title='bbox 202 1549 331 1603; x_wconf 88' lang='lat' dir='ltr'>Non</span> <span class='ocrx_word' id='word_1_130' title='bbox 370 1551 547 1606; x_wconf 89' lang='lat' dir='ltr'>Decor</span> <span class='ocrx_word' id='word_1_131' title='bbox 586 1552 895 1623; x_wconf 88' lang='lat' dir='ltr'>Idaliusque</span> <span class='ocrx_word' id='word_1_132' title='bbox 933 1571 1090 1621; x_wconf 90' lang='lat' dir='ltr'>puer,</span> <span class='ocrx_word' id='word_1_133' title='bbox 1132 1553 1223 1604; x_wconf 92' lang='lat' dir='ltr'>sed</span> <span class='ocrx_word' id='word_1_134' title='bbox 1261 1551 1462 1605; x_wconf 89' lang='lat' dir='ltr'>Luctus</span> <span class='ocrx_word' id='word_1_135' title='bbox 1504 1556 1558 1604; x_wconf 92' lang='lat' dir='ltr'>et</span> <span class='ocrx_word' id='word_1_136' title='bbox 1595 1552 1714 1606; x_wconf 86' lang='lat' dir='ltr'>Irae</span> 
     </span>
    </p>

    <p class='ocr_par' dir='ltr' id='par_1_5' title="bbox 201 1623 1535 1695">
     <span class='ocr_line' id='line_1_22' title="bbox 201 1623 1535 1695; baseline 0.001 -19"><span class='ocrx_word' id='word_1_137' title='bbox 201 1623 276 1676; x_wconf 85' lang='lat' dir='ltr'>Et</span> <span class='ocrx_word' id='word_1_138' title='bbox 313 1624 482 1678; x_wconf 92' lang='lat' dir='ltr'>Dolor</span> <span class='ocrx_word' id='word_1_139' title='bbox 522 1630 576 1679; x_wconf 91' lang='lat' dir='ltr'>et</span> <span class='ocrx_word' id='word_1_140' title='bbox 613 1629 732 1679; x_wconf 87' lang='lat' dir='ltr'>tota</span> <span class='ocrx_word' id='word_1_141' title='bbox 771 1628 973 1695; x_wconf 89' lang='lat' dir='ltr'>pressit</span> <span class='ocrx_word' id='word_1_142' title='bbox 1010 1626 1294 1679; x_wconf 88' lang='lat' dir='ltr'>Discordia</span> <span class='ocrx_word' id='word_1_143' title='bbox 1335 1626 1535 1679; x_wconf 90' lang='lat' dir='ltr'>dextra.</span> 
     </span>
    </p>

    <p class='ocr_par' dir='ltr' id='par_1_6' title="bbox 198 1696 1892 1918">
     <span class='ocr_line' id='line_1_23' title="bbox 202 1696 1684 1769; baseline 0.003 -20"><span class='ocrx_word' id='word_1_144' title='bbox 202 1696 385 1751; x_wconf 88' lang='lat' dir='ltr'>Prima</span> <span class='ocrx_word' id='word_1_145' title='bbox 423 1700 556 1752; x_wconf 91' lang='lat' dir='ltr'>fides</span> <span class='ocrx_word' id='word_1_146' title='bbox 598 1701 775 1769; x_wconf 92' lang='lat' dir='ltr'>operi,</span> <span class='ocrx_word' id='word_1_147' title='bbox 817 1699 1078 1753; x_wconf 85' lang='lat' dir='ltr'>Cadmum</span> <span class='ocrx_word' id='word_1_148' title='bbox 1120 1700 1379 1753; x_wconf 89' lang='lat' dir='ltr'>comitata</span> <span class='ocrx_word' id='word_1_149' title='bbox 1417 1700 1684 1754; x_wconf 87' lang='lat' dir='ltr'>iacentem</span> 
     </span>
     <span class='ocr_line' id='line_1_24' title="bbox 202 1771 1892 1843; baseline 0.004 -19"><span class='ocrx_word' id='word_1_150' title='bbox 202 1771 501 1827; x_wconf 88' lang='lat' dir='ltr'>Harmonia</span> <span class='ocrx_word' id='word_1_151' title='bbox 541 1775 709 1827; x_wconf 87' lang='lat' dir='ltr'>versis</span> <span class='ocrx_word' id='word_1_152' title='bbox 749 1775 806 1826; x_wconf 93' lang='lat' dir='ltr'>in</span> <span class='ocrx_word' id='word_1_153' title='bbox 847 1775 1008 1827; x_wconf 89' lang='lat' dir='ltr'>sibila</span> <span class='ocrx_word' id='word_1_154' title='bbox 1047 1775 1164 1827; x_wconf 92' lang='lat' dir='ltr'>dira</span> <span class='ocrx_word' id='word_1_155' title='bbox 1203 1775 1457 1843; x_wconf 90' lang='lat' dir='ltr'>querellis</span> <span class='ocrx_word' id='word_1_156' title='bbox 1804 1776 1892 1832; x_wconf 84' lang='grc'>290</span> 
     </span>
     <span class='ocr_line' id='line_1_25' title="bbox 198 1845 1450 1918; baseline 0.002 -21"><span class='ocrx_word' id='word_1_157' title='bbox 198 1845 447 1915; x_wconf 81' lang='lat' dir='ltr'>Illyricos</span> <span class='ocrx_word' id='word_1_158' title='bbox 487 1848 652 1918; x_wconf 89' lang='lat' dir='ltr'>longo</span> <span class='ocrx_word' id='word_1_159' title='bbox 694 1850 924 1901; x_wconf 85' lang='lat' dir='ltr'>sulcavit</span> <span class='ocrx_word' id='word_1_160' title='bbox 962 1851 1177 1917; x_wconf 88' lang='lat' dir='ltr'>pectore</span> <span class='ocrx_word' id='word_1_161' title='bbox 1217 1866 1450 1917; x_wconf 81' lang='lat' dir='ltr'>campos,</span> 
     </span>
    </p>

    <p class='ocr_par' dir='ltr' id='par_1_7' title="bbox 196 1919 1887 2289">
     <span class='ocr_line' id='line_1_26' title="bbox 199 1919 1644 1990; baseline 0.003 -19"><span class='ocrx_word' id='word_1_162' title='bbox 199 1919 458 1990; x_wconf 89' lang='lat' dir='ltr'>Improba</span> <span class='ocrx_word' id='word_1_163' title='bbox 498 1940 624 1975; x_wconf 91' lang='lat' dir='ltr'>mox</span> <span class='ocrx_word' id='word_1_164' title='bbox 665 1922 873 1976; x_wconf 84' lang='lat' dir='ltr'>Semele</span> <span class='ocrx_word' id='word_1_165' title='bbox 912 1923 1001 1975; x_wconf 87' lang='lat' dir='ltr'>vix</span> <span class='ocrx_word' id='word_1_166' title='bbox 1036 1922 1175 1975; x_wconf 88' lang='lat' dir='ltr'>dona</span> <span class='ocrx_word' id='word_1_167' title='bbox 1211 1922 1464 1975; x_wconf 85' lang='lat' dir='ltr'>nocentia</span> <span class='ocrx_word' id='word_1_168' title='bbox 1503 1922 1644 1976; x_wconf 92' lang='lat' dir='ltr'>collo</span> 
     </span>
     <span class='ocr_line' id='line_1_27' title="bbox 198 1993 1839 2065; baseline 0.002 -20"><span class='ocrx_word' id='word_1_169' title='bbox 198 1993 405 2065; x_wconf 80' lang='lat' dir='ltr'>Induit,</span> <span class='ocrx_word' id='word_1_170' title='bbox 447 1998 500 2048; x_wconf 88' lang='lat' dir='ltr'>et</span> <span class='ocrx_word' id='word_1_171' title='bbox 539 1996 706 2050; x_wconf 87' lang='lat' dir='ltr'>fallax</span> <span class='ocrx_word' id='word_1_172' title='bbox 744 1996 971 2050; x_wconf 87' lang='lat' dir='ltr'>intravit</span> <span class='ocrx_word' id='word_1_173' title='bbox 1010 1997 1202 2048; x_wconf 89' lang='lat' dir='ltr'>limina</span> <span class='ocrx_word' id='word_1_174' title='bbox 1239 1995 1391 2049; x_wconf 80' lang='lat' dir='ltr'>Iuno,</span> <span class='ocrx_word' id='word_1_175' title='bbox 1827 2022 1839 2049; x_wconf 76' lang='grc' dir='ltr'><strong><em>ι</em></strong></span> 
     </span>
     <span class='ocr_line' id='line_1_28' title="bbox 200 2067 1774 2140; baseline 0.003 -20"><span class='ocrx_word' id='word_1_176' title='bbox 200 2067 381 2138; x_wconf 86' lang='lat' dir='ltr'>Teque</span> <span class='ocrx_word' id='word_1_177' title='bbox 423 2070 610 2138; x_wconf 89' lang='lat' dir='ltr'>etiam,</span> <span class='ocrx_word' id='word_1_178' title='bbox 649 2071 859 2139; x_wconf 84' lang='lat' dir='ltr'>infelix,</span> <span class='ocrx_word' id='word_1_179' title='bbox 898 2070 1209 2140; x_wconf 84' lang='lat' dir='ltr'>perhibent,</span> <span class='ocrx_word' id='word_1_180' title='bbox 1247 2070 1484 2140; x_wconf 87' lang='lat' dir='ltr'>Iocasta,</span> <span class='ocrx_word' id='word_1_181' title='bbox 1524 2071 1774 2124; x_wconf 86' lang='lat' dir='ltr'>decorum</span> 
     </span>
     <span class='ocr_line' id='line_1_29' title="bbox 200 2141 1887 2214; baseline 0.004 -20"><span class='ocrx_word' id='word_1_182' title='bbox 200 2141 513 2196; x_wconf 88' lang='lat' dir='ltr'>Possedisse</span> <span class='ocrx_word' id='word_1_183' title='bbox 551 2145 724 2212; x_wconf 81' lang='lat' dir='ltr'>nefas3</span> <span class='ocrx_word' id='word_1_184' title='bbox 765 2145 948 2199; x_wconf 85' lang='lat' dir='ltr'>vultus</span> <span class='ocrx_word' id='word_1_185' title='bbox 987 2145 1091 2197; x_wconf 89' lang='lat' dir='ltr'>hac</span> <span class='ocrx_word' id='word_1_186' title='bbox 1129 2145 1287 2197; x_wconf 91' lang='lat' dir='ltr'>laude</span> <span class='ocrx_word' id='word_1_187' title='bbox 1327 2145 1566 2214; x_wconf 82' lang='lat' dir='ltr'>colebaS,</span> <span class='ocrx_word' id='word_1_188' title='bbox 1801 2162 1887 2201; x_wconf 77' lang='lat'>‘295</span> 
     </span>
     <span class='ocr_line' id='line_1_30' title="bbox 196 2216 1832 2289; baseline 0.004 -21"><span class='ocrx_word' id='word_1_189' title='bbox 196 2216 319 2269; x_wconf 91' lang='lat' dir='ltr'>Heu</span> <span class='ocrx_word' id='word_1_190' title='bbox 358 2218 576 2287; x_wconf 78' lang='lat' dir='ltr'>quibuS,</span> <span class='ocrx_word' id='word_1_191' title='bbox 615 2219 721 2272; x_wconf 87' lang='lat' dir='ltr'>heu</span> <span class='ocrx_word' id='word_1_192' title='bbox 759 2219 1028 2288; x_wconf 81' lang='lat' dir='ltr'>placitura</span> <span class='ocrx_word' id='word_1_193' title='bbox 1067 2219 1226 2273; x_wconf 81' lang='lat' dir='ltr'>toris!</span> <span class='ocrx_word' id='word_1_194' title='bbox 1264 2222 1391 2288; x_wconf 89' lang='lat' dir='ltr'>post</span> <span class='ocrx_word' id='word_1_195' title='bbox 1429 2219 1646 2289; x_wconf 90' lang='lat' dir='ltr'>longior</span> <span class='ocrx_word' id='word_1_196' title='bbox 1687 2222 1832 2274; x_wconf 85' lang='lat' dir='ltr'>ordo.</span> 
     </span>
    </p>
   </div>
   <div class='ocr_carea' id='block_1_4' title="bbox 194 2314 548 2321">
    <p class='ocr_par' dir='ltr' id='par_1_8' title="bbox 194 2314 548 2321">
     <span class='ocr_line' id='line_1_31' title="bbox 194 2314 548 2321; baseline 0 773"><span class='ocrx_word' id='word_1_197' title='bbox 194 2314 548 2321; x_wconf 95' lang='lat' dir='ltr'> </span> 
     </span>
    </p>
   </div>
   <div class='ocr_carea' id='block_1_5' title="bbox 314 2322 1674 2404">
    <p class='ocr_par' dir='ltr' id='par_1_9' title="bbox 314 2322 1674 2404">
     <span class='ocr_line' id='line_1_32' title="bbox 314 2322 1674 2404; baseline 0.001 -11"><span class='ocrx_word' id='word_1_198' title='bbox 314 2353 399 2394; x_wconf 85' lang='grc'>275</span> <span class='ocrx_word' id='word_1_199' title='bbox 426 2364 493 2404; x_wconf 88' lang='lat' dir='ltr'>sq.</span> <span class='ocrx_word' id='word_1_200' title='bbox 531 2349 634 2393; x_wconf 79' lang='lat' dir='ltr'>‘sed</span> <span class='ocrx_word' id='word_1_201' title='bbox 673 2376 729 2382; x_wconf 94' lang='lat'>—</span> <span class='ocrx_word' id='word_1_202' title='bbox 764 2350 904 2394; x_wconf 89' lang='lat' dir='ltr'>sudor</span> <span class='ocrx_word' id='word_1_203' title='bbox 934 2349 1020 2393; x_wconf 91' lang='lat' dir='ltr'>ibi&#39;</span> <span class='ocrx_word' id='word_1_204' title='bbox 1058 2349 1210 2394; x_wconf 83' lang='lat' dir='ltr'>Serv.</span> <span class='ocrx_word' id='word_1_205' title='bbox 1245 2348 1306 2392; x_wconf 89' lang='lat' dir='ltr'>ad</span> <span class='ocrx_word' id='word_1_206' title='bbox 1336 2348 1450 2394; x_wconf 89' lang='lat' dir='ltr'>Aen.</span> <span class='ocrx_word' id='word_1_207' title='bbox 1485 2322 1571 2393; x_wconf 85' lang='lat' dir='ltr'>XII</span> <span class='ocrx_word' id='word_1_208' title='bbox 1604 2355 1674 2395; x_wconf 87' lang='grc'>90.</span> 
     </span>
    </p>
   </div>
   <div class='ocr_carea' id='block_1_6' title="bbox 192 2431 549 2444">
    <p class='ocr_par' dir='ltr' id='par_1_10' title="bbox 192 2431 549 2444">
     <span class='ocr_line' id='line_1_33' title="bbox 192 2431 549 2444; baseline 0 0"><span class='ocrx_word' id='word_1_209' title='bbox 192 2431 549 2444; x_wconf 95' lang='lat' dir='ltr'> </span> 
     </span>
    </p>
   </div>
   <div class='ocr_carea' id='block_1_7' title="bbox 185 2467 1884 2823">
    <p class='ocr_par' dir='ltr' id='par_1_11' title="bbox 185 2467 1884 2823">
     <span class='ocr_line' id='line_1_34' title="bbox 185 2467 1884 2528; baseline 0.002 -18"><span class='ocrx_word' id='word_1_210' title='bbox 185 2472 327 2524; x_wconf 76' lang='lat' dir='ltr'>putat</span> <span class='ocrx_word' id='word_1_211' title='bbox 358 2468 686 2512; x_wconf 76' lang='lat' dir='ltr'>Lachmamzus</span> <span class='ocrx_word' id='word_1_212' title='bbox 715 2470 730 2524; x_wconf 79' lang='grc' dir='ltr'>ΙΙ</span> <span class='ocrx_word' id='word_1_213' title='bbox 762 2473 847 2512; x_wconf 86' lang='grc'>269</span> <span class='ocrx_word' id='word_1_214' title='bbox 887 2467 976 2511; x_wconf 91' lang='lat' dir='ltr'>hoc</span> <span class='ocrx_word' id='word_1_215' title='bbox 1010 2467 1292 2512; x_wconf 76' lang='lat' dir='ltr'>Schraderus</span> <span class='ocrx_word' id='word_1_216' title='bbox 1329 2469 1402 2511; x_wconf 89' lang='lat' dir='ltr'>est</span> <span class='ocrx_word' id='word_1_217' title='bbox 1439 2469 1492 2511; x_wconf 90' lang='lat' dir='ltr'>ut</span> <span class='ocrx_word' id='word_1_218' title='bbox 1529 2468 1839 2514; x_wconf 76' lang='lat' dir='ltr'>Baehreusius</span> <span class='ocrx_word' id='word_1_219' title='bbox 1868 2470 1884 2528; x_wconf 74' lang='grc' dir='ltr'>Η</span> 
     </span>
     <span class='ocr_line' id='line_1_35' title="bbox 194 2526 1878 2587; baseline 0.001 -17"><span class='ocrx_word' id='word_1_220' title='bbox 194 2531 281 2571; x_wconf 90' lang='grc'>270</span> <span class='ocrx_word' id='word_1_221' title='bbox 315 2528 480 2583; x_wconf 91' lang='lat' dir='ltr'>coepto</span> <span class='ocrx_word' id='word_1_222' title='bbox 513 2528 737 2571; x_wconf 73' lang='lat' dir='ltr'>Heinsius</span> <span class='ocrx_word' id='word_1_223' title='bbox 761 2528 774 2583; x_wconf 90' lang='grc' dir='ltr'>ΙΙ</span> <span class='ocrx_word' id='word_1_224' title='bbox 799 2532 884 2571; x_wconf 88' lang='grc'>277</span> <span class='ocrx_word' id='word_1_225' title='bbox 919 2526 1078 2584; x_wconf 88' lang='lat' dir='ltr'>Iungit</span> <span class='ocrx_word' id='word_1_226' title='bbox 1109 2527 1333 2571; x_wconf 75' lang='lat' dir='ltr'>Heinsius</span> <span class='ocrx_word' id='word_1_227' title='bbox 1366 2526 1504 2583; x_wconf 87' lang='lat' dir='ltr'>Cogit</span> <span class='ocrx_word' id='word_1_228' title='bbox 1534 2527 1837 2572; x_wconf 70' lang='lat' dir='ltr'>Burmannus</span> <span class='ocrx_word' id='word_1_229' title='bbox 1872 2529 1878 2587; x_wconf 81' lang='grc' dir='ltr'>Ι</span> 
     </span>
     <span class='ocr_line' id='line_1_36' title="bbox 189 2584 1882 2647; baseline 0.001 -17"><span class='ocrx_word' id='word_1_230' title='bbox 189 2584 426 2630; x_wconf 86' lang='lat' dir='ltr'>infaustae</span> <span class='ocrx_word' id='word_1_231' title='bbox 451 2601 494 2643; x_wconf 88' lang='lat' dir='ltr'>p.</span> <span class='ocrx_word' id='word_1_232' title='bbox 523 2600 564 2631; x_wconf 92' lang='lat' dir='ltr'>a.</span> <span class='ocrx_word' id='word_1_233' title='bbox 590 2585 766 2642; x_wconf 89' lang='lat' dir='ltr'>figurae</span> <span class='ocrx_word' id='word_1_234' title='bbox 785 2586 1008 2631; x_wconf 77' lang='lat' dir='ltr'>Heinsius</span> <span class='ocrx_word' id='word_1_235' title='bbox 1031 2599 1252 2643; x_wconf 89' lang='lat' dir='ltr'>percusso</span> <span class='ocrx_word' id='word_1_236' title='bbox 1277 2585 1527 2630; x_wconf 89' lang='lat' dir='ltr'>adamante</span> <span class='ocrx_word' id='word_1_237' title='bbox 1543 2587 1882 2647; x_wconf 67' lang='lat' dir='ltr'>Baehrensz&#39;uslf</span> 
     </span>
     <span class='ocr_line' id='line_1_37' title="bbox 191 2644 1882 2701; baseline 0 -11"><span class='ocrx_word' id='word_1_238' title='bbox 191 2649 276 2690; x_wconf 93' lang='grc'>278</span> <span class='ocrx_word' id='word_1_239' title='bbox 334 2645 534 2690; x_wconf 86' lang='lat' dir='ltr'>relectos</span> <span class='ocrx_word' id='word_1_240' title='bbox 581 2646 805 2690; x_wconf 59' lang='lat' dir='ltr'>Heinsius</span> <span class='ocrx_word' id='word_1_241' title='bbox 842 2647 857 2701; x_wconf 93' lang='grc' dir='ltr'>ΙΙ</span> <span class='ocrx_word' id='word_1_242' title='bbox 896 2650 981 2690; x_wconf 91' lang='grc'>279</span> <span class='ocrx_word' id='word_1_243' title='bbox 1036 2644 1247 2689; x_wconf 83' lang='lat' dir='ltr'>hesterni</span> <span class='ocrx_word' id='word_1_244' title='bbox 1302 2646 1478 2690; x_wconf 84' lang='lat' dir='ltr'>cineres</span> <span class='ocrx_word' id='word_1_245' title='bbox 1525 2646 1643 2690; x_wconf 84' lang='lat' dir='ltr'>idem</span> <span class='ocrx_word' id='word_1_246' title='bbox 1685 2649 1690 2696; x_wconf 88' lang='grc'>1</span> <span class='ocrx_word' id='word_1_247' title='bbox 1730 2647 1882 2691; x_wconf 85' lang='lat' dir='ltr'>crines</span> 
     </span>
     <span class='ocr_line' id='line_1_38' title="bbox 200 2703 1882 2762; baseline 0 -14"><span class='ocrx_word' id='word_1_248' title='bbox 200 2704 524 2762; x_wconf 71' lang='lat' dir='ltr'>Wesseliuyius</span> <span class='ocrx_word' id='word_1_249' title='bbox 554 2707 569 2761; x_wconf 81' lang='grc' dir='ltr'>ΙΙ</span> <span class='ocrx_word' id='word_1_250' title='bbox 602 2709 688 2749; x_wconf 89' lang='grc'>280</span> <span class='ocrx_word' id='word_1_251' title='bbox 719 2703 794 2748; x_wconf 89' lang='lat' dir='ltr'>his</span> <span class='ocrx_word' id='word_1_252' title='bbox 827 2705 1092 2750; x_wconf 72' lang='lat' dir='ltr'>Koestliuus</span> <span class='ocrx_word' id='word_1_253' title='bbox 1122 2703 1235 2748; x_wconf 90' lang='lat' dir='ltr'>hinc</span> <span class='ocrx_word' id='word_1_254' title='bbox 1265 2705 1573 2749; x_wconf 70' lang='lat' dir='ltr'>Baehrensius</span> <span class='ocrx_word' id='word_1_255' title='bbox 1595 2708 1610 2761; x_wconf 82' lang='grc' dir='ltr'>ΙΙ</span> <span class='ocrx_word' id='word_1_256' title='bbox 1634 2710 1719 2750; x_wconf 91' lang='grc'>282</span> <span class='ocrx_word' id='word_1_257' title='bbox 1751 2705 1882 2749; x_wconf 88' lang='lat' dir='ltr'>Tunc</span> 
     </span>
     <span class='ocr_line' id='line_1_39' title="bbox 187 2764 1880 2823; baseline 0.002 -18"><span class='ocrx_word' id='word_1_258' title='bbox 187 2767 366 2807; x_wconf 72' lang='lat' dir='ltr'>PGHJt</span> <span class='ocrx_word' id='word_1_259' title='bbox 389 2766 405 2821; x_wconf 82' lang='grc' dir='ltr'>ΙΙ</span> <span class='ocrx_word' id='word_1_260' title='bbox 428 2769 513 2808; x_wconf 88' lang='grc'>283</span> <span class='ocrx_word' id='word_1_261' title='bbox 540 2766 718 2823; x_wconf 67' lang='lat' dir='ltr'>cestom</span> <span class='ocrx_word' id='word_1_262' title='bbox 741 2769 809 2807; x_wconf 82' lang='lat' dir='ltr'>PS</span> <span class='ocrx_word' id='word_1_263' title='bbox 835 2766 848 2819; x_wconf 77' lang='lat' dir='ltr'>fl</span> <span class='ocrx_word' id='word_1_264' title='bbox 873 2768 957 2809; x_wconf 91' lang='grc'>287</span> <span class='ocrx_word' id='word_1_265' title='bbox 982 2764 1217 2808; x_wconf 84' lang='lat' dir='ltr'>Idaliusve</span> <span class='ocrx_word' id='word_1_266' title='bbox 1235 2764 1563 2810; x_wconf 75' lang='lat' dir='ltr'>Lachmanuus</span> <span class='ocrx_word' id='word_1_267' title='bbox 1585 2765 1601 2822; x_wconf 82' lang='grc' dir='ltr'>ΙΙ</span> <span class='ocrx_word' id='word_1_268' title='bbox 1625 2769 1709 2808; x_wconf 87' lang='grc'>292</span> <span class='ocrx_word' id='word_1_269' title='bbox 1736 2765 1880 2809; x_wconf 88' lang='lat' dir='ltr'>semel</span> 
     </span>
    </p>
   </div>
   <div class='ocr_carea' id='block_1_8' title="bbox 184 2823 1060 2879">
    <p class='ocr_par' dir='ltr' id='par_1_12' title="bbox 184 2823 1060 2879">
     <span class='ocr_line' id='line_1_40' title="bbox 184 2823 1060 2879; baseline 0.002 -13"><span class='ocrx_word' id='word_1_270' title='bbox 184 2826 219 2865; x_wconf 79' lang='lat'>1²</span> <span class='ocrx_word' id='word_1_271' title='bbox 241 2823 257 2879; x_wconf 84' lang='grc' dir='ltr'>ΙΙ</span> <span class='ocrx_word' id='word_1_272' title='bbox 281 2827 366 2867; x_wconf 87' lang='grc'>295</span> <span class='ocrx_word' id='word_1_273' title='bbox 400 2837 453 2867; x_wconf 90' lang='lat' dir='ltr'>ac</span> <span class='ocrx_word' id='word_1_274' title='bbox 486 2828 553 2866; x_wconf 84' lang='lat' dir='ltr'>PS</span> <span class='ocrx_word' id='word_1_275' title='bbox 582 2828 587 2878; x_wconf 71' lang='grc'>1</span> <span class='ocrx_word' id='word_1_276' title='bbox 614 2823 719 2867; x_wconf 91' lang='lat' dir='ltr'>luce</span> <span class='ocrx_word' id='word_1_277' title='bbox 750 2824 1060 2868; x_wconf 78' lang='lat' dir='ltr'>Baehrensius</span> 
     </span>
    </p>
   </div>
  </div>
 </body>
</html>
