2020 3106
685 136 1090 185 ACHILLEIDOS
1122 137 1172 182 L.
1205 138 1238 183 Ι.
1732 135 1803 188 29

110 263 258 318 Haeo
298 280 500 317 seeum:
541 260 806 325 ‘Quonam
846 259 1068 313 timidae
1107 262 1412 312 commenta
1449 257 1692 326 parentis

111 337 294 407 Usque
331 334 510 390 feres?
549 334 890 404 primumque
929 332 1138 386 imbelli
1176 350 1386 385 carcere
1427 331 1619 400 perdes
1719 343 1804 384 625

110 410 326 465 Florem
366 408 571 463 animi?
610 426 718 462 non
758 408 873 461 tela
912 407 1040 460 lieet
1078 405 1349 460 Mavortia
1387 405 1597 474 dextra,

112 482 238 538 Non
274 482 518 552 trepidas
560 482 767 553 agitare
807 481 987 534 feras?
1027 480 1121 533 ubi
1161 498 1382 549 campus
1422 483 1477 532 et
1517 497 1701 532 amnes

109 556 437 611 Haemonii?
479 556 764 627 quaerisne
803 573 975 624 meos,
1017 553 1302 622 Sperchee,
1340 556 1560 606 natatus

112 630 522 701 Promissasque
561 629 779 684 comas?
821 647 891 682 an
929 628 1220 682 desertoris
1261 627 1464 680 alumni

10 702 11 706 ’
110 702 304 758 Nullus
328 703 541 759 honos?
583 702 907 775 Stygiasque
931 702 1121 772 procul
1145 702 1253 755 iam
1277 704 1466 770 raptus
1491 700 1559 754 ad
1586 700 1806 754 umbras

47 802 52 807 ·
110 777 298 848 Dicor,
338 780 392 832 et
430 777 654 832 orbatus
693 776 909 847 plangit
947 794 1068 829 mea
1105 776 1295 828 funera
1334 773 1572 828 Chiron?
1721 787 1803 828 631

113 852 195 906 Tu
232 870 375 906 nune
413 852 525 906 tela
563 870 752 921 manu,
789 854 1006 904 nostros
1046 853 1106 902 tu
1146 849 1335 919 dirigis
1377 866 1532 901 arcus

111 924 468 996 Nutritosque
507 925 642 979 mihi
681 924 918 994 seandiS,
957 923 1230 991 Patrocle,
1270 922 1501 993 iugales:

112 999 218 1054 Ast
257 1016 356 1070 ego
395 999 699 1069 pampineis
741 997 1037 1052 diffundere
1077 996 1301 1050 brachia
1338 995 1546 1064 thyrsis

110 1073 187 1128 Et
223 1075 459 1127 tenuare·
485 1073 634 1127 eolus
674 1070 863 1142 (pudet
900 1072 1006 1125 heu
1044 1070 1334 1140 taedetque
1372 1070 1532 1123 fateri
1545 1068 1580 1139 !)
1722 1082 1807 1123 635

113 1147 231 1202 Iam
271 1148 398 1202 seio,
475 1145 618 1210 Quin
657 1147 823 1200 etiam
861 1145 1089 1199 dilectae
1129 1143 1358 1214 virginis
1397 1144 1582 1214 ignem

111 1221 562 1293 Aequaevamque
601 1220 773 1274 facem
813 1222 1001 1289 eaptus
1041 1222 1334 1287 noctesque
1372 1217 1592 1288 diesque

111 1294 476 1348 Dissimulas‘?
553 1292 799 1356 Quonam
837 1311 1007 1363 usque
1046 1310 1259 1362 premes
1298 1291 1513 1344 urentia
1551 1293 1739 1359 pectus

111 1367 389 1423 Vulnera?
412 1371 572 1437 teque
596 1385 803 1421 marem
817 1364 1005 1438 (pudet
1017 1366 1122 1419 heu
1133 1363 1167 1437 !)
1181 1383 1279 1418 neo
1293 1382 1475 1418 amore
1489 1364 1748 1433 probabis
1759 1362 1810 1416 ‘?'

258 1441 348 1497 Sic
388 1442 489 1511 ait3
529 1444 584 1495 et
622 1441 791 1495 densa
827 1440 1002 1495 noetis
1044 1440 1263 1509 gavisus
1303 1439 1360 1492 in
1399 1439 1593 1491 umbra
1722 1450 1808 1492 640

114 1515 458 1586 Tempestiva
496 1515 607 1569 suis
646 1518 862 1584 torpere
903 1514 1122 1567 silentia
1158 1512 1320 1566 furtis

114 1589 190 1642 Vi
226 1589 433 1659 potitur
470 1589 612 1643 votis
653 1592 708 1642 et
746 1591 863 1642 toto
902 1590 1121 1657 pectore
1158 1604 1316 1640 veros

115 1661 387 1717 Admovet
426 1662 724 1732 amplexus:
763 1661 901 1715 vidit
938 1661 1132 1714 chorus
1173 1660 1348 1713 omnis
1389 1659 1456 1712 ab
1499 1659 1612 1712 alto

115 1736 405 1790 Astrorum
443 1739 498 1788 et
534 1739 750 1790 tenerae
789 1736 1088 1788 rubuerunt
1127 1752 1327 1787 cornua
1366 1732 1565 1785 Lunae.

115 1808 223 1863 Illa
260 1809 476 1878 quidem
513 1809 752 1863 elamore
788 1827 979 1862 nemus
1019 1811 1363 1877 montemque
1403 1807 1652 1875 replevit:
1722 1820 1809 1860 645

121 1881 225 1936 Sed
261 1881 463 1936 Bacchi
502 1883 751 1951 eomiteS,
790 1883 1031 1935 discussa
1068 1881 1212 1934 nube
1253 1882 1489 1950 soporiS,

121 1955 292 2026 Signa
330 1955 508 2008 choris
546 1955 750 2009 indicta
786 1958 1006 2024 putant3
1044 1955 1234 2024 fragor
1271 1955 1504 2024 undique
1543 1958 1702 2007 notus

121 2028 379 2096 Tollitur,
417 2030 472 2080 et
508 2028 729 2097 thyrsos
768 2029 964 2081 iterum
1002 2029 1258 2081 vibrabat
1294 2027 1563 2095 Achilles,

119 2102 262 2156 Ante
300 2105 483 2154 tamen
520 2101 739 2155 dubiam
776 2101 956 2155 verbis
997 2103 1201 2154 solatus
1243 2102 1451 2154 amieis:

238 2295 324 2335 627
365 2290 592 2347 sagittare
621 2289 743 2335 feras
774 2294 807 2332 P
845 2291 861 2347 ΙΙ
900 2293 985 2334 628
1025 2303 1248 2346 queresne
1287 2294 1320 2331 P
1362 2292 1368 2346 Ι
1420 2289 1642 2348 Sperchie
1680 2291 1807 2336 codd.

1206 2353 1250 2382 ut
1272 2359 1332 2383 sec.
1346 2359 1458 2384 manu

121 2393 353 2452 Sperchee
383 2393 563 2450 scripsi,
594 2393 652 2449 cf.
679 2406 719 2438 v.
745 2396 838 2438 102
861 2394 878 2450 ΙΙ
901 2398 985 2438 632
1018 2393 1115 2437 tela
1145 2393 1435 2450 gradumanu
1466 2398 1499 2436 P
1521 2395 1537 2450 [1
1561 2398 1647 2438 635
1679 2394 1808 2439 colus

121 2457 160 2502 Δ
196 2452 321 2497 colos
359 2456 457 2495 Hm
487 2453 543 2507 cf.
583 2465 623 2496 v.
657 2454 751 2497 582
786 2452 793 2510 Ι
826 2453 973 2509 pudet
1010 2452 1127 2496 haee
1166 2453 1274 2509 (heu
1318 2454 1378 2497 al.
1410 2467 1467 2497 m,
1499 2456 1744 2510 superser.)
1775 2457 1808 2495 P

121 2509 255 2569 piget
283 2511 376 2556 heu
406 2525 432 2565 p
455 2512 471 2568 ΙΙ
495 2515 728 2556 636-721
762 2511 824 2568 (Π
847 2514 921 2568 47)
953 2524 1107 2556 versus
1136 2512 1190 2555 in
1219 2517 1240 2554 t
1262 2512 1439 2565 desunt,
1462 2526 1564 2556 eum
1586 2513 1707 2557 inter
1729 2513 1808 2567 fol.

121 2571 153 2615 ¹7
167 2573 209 2614 et
223 2573 255 2614 8
264 2570 432 2638 folium
455 2570 674 2614 exciderit
694 2571 712 2627 ss
735 2574 819 2614 637
839 2570 1212 2627 Aequaevaeque
1236 2569 1520 2615 Schrader-us
1542 2573 1558 2628 ΙΙ
1583 2575 1668 2616 638
1689 2571 1808 2625 Quo-

121 2641 232 2673 nam
260 2642 362 2686 ipse
392 2633 425 2671 P
452 2630 459 2685 1
485 2629 852 2686 presumerentia
881 2633 914 2671 P
952 2629 1123 2686 premis
1146 2629 1369 2687 urgencia
1391 2634 1492 2672 Pel)
1524 2644 1707 2687 premes
1732 2645 1809 2673 ur-

122 2686 284 2745 gentia
299 2691 335 2730 G
357 2687 486 2732 Leid.
511 2689 527 2745 ΙΙ
552 2692 635 2732 639
652 2701 818 2745 meque
835 2692 893 2731 Po
908 2703 935 2742 p
964 2688 970 2747 Ι
993 2688 1203 2746 probaris
1227 2692 1350 2731 PBG
1373 2702 1454 2733 sec.
1471 2703 1528 2734 m.
1553 2690 1570 2745 11
1593 2694 1678 2733 642
1711 2702 1809 2733 001·-

123 2759 235 2803 pore
258 2746 568 2792 Baehrensius
590 2748 606 2804 ΙΙ
629 2752 714 2791 643
739 2746 860 2791 vidit
882 2751 915 2790 P
954 2747 1051 2792 risu
1075 2746 1132 2789 (42
1170 2747 1292 2792 ludit
1316 2751 1352 2789 G
1382 2746 1485 2792 risit
1508 2752 1619 2790 Pon
1649 2747 1810 2792 rubuit

125 2803 360 2909 Setereaemws
388 2807 405 2863 ΙΙ
437 2811 522 2852 648
554 2805 711 2852 vibrat
739 2810 772 2848 P
817 2806 1023 2852 vibravit
1054 2807 1178 2862 (311ss
1210 2811 1295 2851 649
1341 2806 1517 2851 solatus
1548 2811 1581 2849 P
1628 2807 1809 2852 solatur

123 2875 148 2908 c
