<?xml version="1.0" encoding="UTF-8"?>
<!DOCTYPE html PUBLIC "-//W3C//DTD XHTML 1.0 Transitional//EN"
    "http://www.w3.org/TR/xhtml1/DTD/xhtml1-transitional.dtd">
<html xmlns="http://www.w3.org/1999/xhtml" xml:lang="en" lang="en">
 <head>
  <title>
</title>
<meta http-equiv="Content-Type" content="text/html;charset=utf-8" />
  <meta name='ocr-system' content='tesseract 3.04.00' />
  <meta name='ocr-capabilities' content='ocr_page ocr_carea ocr_par ocr_line ocrx_word'/>
</head>
<body>
  <div class='ocr_page' id='page_1' title='image "./operapapinius12statuoft_0039.png"; bbox 0 0 1988 3106; ppageno 0'>
   <div class='ocr_carea' id='block_1_1' title="bbox 690 169 1842 227">
    <p class='ocr_par' dir='ltr' id='par_1_1' title="bbox 690 169 1842 227">
     <span class='ocr_line' id='line_1_1' title="bbox 690 169 1842 227; baseline -0.01 -7"><span class='ocrx_word' id='word_1_1' title='bbox 690 172 1002 220; x_wconf 79' lang='lat' dir='ltr'><strong>SILUARUM</strong></span> <span class='ocrx_word' id='word_1_2' title='bbox 1032 171 1082 218; x_wconf 84' lang='lat' dir='ltr'><strong>L.</strong></span> <span class='ocrx_word' id='word_1_3' title='bbox 1114 171 1149 227; x_wconf 86' lang='lat'><strong>1,</strong></span> <span class='ocrx_word' id='word_1_4' title='bbox 1180 175 1222 216; x_wconf 80' lang='lat'><strong>2.</strong></span> <span class='ocrx_word' id='word_1_5' title='bbox 1776 169 1842 222; x_wconf 86' lang='lat'><strong>13</strong></span> 
     </span>
    </p>
   </div>
   <div class='ocr_carea' id='block_1_2' title="bbox 32 286 1866 2562">
    <p class='ocr_par' dir='ltr' id='par_1_2' title="bbox 32 286 1866 2562">
     <span class='ocr_line' id='line_1_2' title="bbox 81 286 1396 370; baseline -0.011 -15"><span class='ocrx_word' id='word_1_6' title='bbox 81 299 227 354; x_wconf 92' lang='lat' dir='ltr'><strong>Uoce</strong></span> <span class='ocrx_word' id='word_1_7' title='bbox 266 295 587 370; x_wconf 70' lang='lat' dir='ltr'><strong>(pharetrati</strong></span> <span class='ocrx_word' id='word_1_8' title='bbox 623 310 863 365; x_wconf 82' lang='lat' dir='ltr'><strong>pressere</strong></span> <span class='ocrx_word' id='word_1_9' title='bbox 902 291 1117 345; x_wconf 87' lang='lat' dir='ltr'><strong>silentia</strong></span> <span class='ocrx_word' id='word_1_10' title='bbox 1153 286 1396 357; x_wconf 85' lang='lat' dir='ltr'><strong>fratres):</strong></span> 
     </span>
     <span class='ocr_line' id='line_1_3' title="bbox 84 362 1846 442; baseline -0.009 -15"><span class='ocrx_word' id='word_1_11' title='bbox 84 372 226 427; x_wconf 81' lang='lat' dir='ltr'><strong>‘Scis</strong></span> <span class='ocrx_word' id='word_1_12' title='bbox 264 374 340 442; x_wconf 91' lang='lat' dir='ltr'><strong>ut,</strong></span> <span class='ocrx_word' id='word_1_13' title='bbox 378 367 595 438; x_wconf 88' lang='lat' dir='ltr'><strong>mater&#39;,</strong></span> <span class='ocrx_word' id='word_1_14' title='bbox 639 368 718 421; x_wconf 90' lang='lat' dir='ltr'><strong>ait</strong></span> <span class='ocrx_word' id='word_1_15' title='bbox 756 365 934 419; x_wconf 77' lang='lat' dir='ltr'><strong>‘nulla</strong></span> <span class='ocrx_word' id='word_1_16' title='bbox 972 364 1106 418; x_wconf 82' lang='lat' dir='ltr'><strong>mihi</strong></span> <span class='ocrx_word' id='word_1_17' title='bbox 1145 363 1362 416; x_wconf 79' lang='lat' dir='ltr'><strong>dextera</strong></span> <span class='ocrx_word' id='word_1_18' title='bbox 1400 362 1580 431; x_wconf 88' lang='lat' dir='ltr'><strong>segnis</strong></span> <span class='ocrx_word' id='word_1_19' title='bbox 1789 377 1846 419; x_wconf 76' lang='lat'><strong>65</strong></span> 
     </span>
     <span class='ocr_line' id='line_1_4' title="bbox 83 435 1612 515; baseline -0.008 -14"><span class='ocrx_word' id='word_1_20' title='bbox 83 446 300 515; x_wconf 85' lang='lat' dir='ltr'><strong>Militia3</strong></span> <span class='ocrx_word' id='word_1_21' title='bbox 340 457 723 514; x_wconf 89' lang='lat' dir='ltr'><strong>quemcumque</strong></span> <span class='ocrx_word' id='word_1_22' title='bbox 760 439 1037 493; x_wconf 92' lang='lat' dir='ltr'><strong>hominum</strong></span> <span class='ocrx_word' id='word_1_23' title='bbox 1076 436 1361 505; x_wconf 90' lang='lat' dir='ltr'><strong>diuumque</strong></span> <span class='ocrx_word' id='word_1_24' title='bbox 1400 435 1612 504; x_wconf 87' lang='lat' dir='ltr'><strong>dedisti,</strong></span> 
     </span>
     <span class='ocr_line' id='line_1_5' title="bbox 82 509 1587 586; baseline -0.009 -12"><span class='ocrx_word' id='word_1_25' title='bbox 82 519 283 574; x_wconf 87' lang='lat' dir='ltr'><strong>Uritur.</strong></span> <span class='ocrx_word' id='word_1_26' title='bbox 359 518 418 571; x_wconf 90' lang='lat' dir='ltr'><strong>at</strong></span> <span class='ocrx_word' id='word_1_27' title='bbox 454 515 722 586; x_wconf 91' lang='lat' dir='ltr'><strong>quondam</strong></span> <span class='ocrx_word' id='word_1_28' title='bbox 760 512 995 567; x_wconf 84' lang='lat' dir='ltr'><strong>lacrimis</strong></span> <span class='ocrx_word' id='word_1_29' title='bbox 1035 514 1089 563; x_wconf 90' lang='lat' dir='ltr'><strong>et</strong></span> <span class='ocrx_word' id='word_1_30' title='bbox 1126 509 1362 579; x_wconf 81' lang='lat' dir='ltr'><strong>supplice</strong></span> <span class='ocrx_word' id='word_1_31' title='bbox 1400 509 1587 563; x_wconf 86' lang='lat' dir='ltr'><strong>dextra</strong></span> 
     </span>
     <span class='ocr_line' id='line_1_6' title="bbox 84 582 1467 660; baseline -0.009 -13"><span class='ocrx_word' id='word_1_32' title='bbox 84 593 158 647; x_wconf 84' lang='lat' dir='ltr'><strong>Et</strong></span> <span class='ocrx_word' id='word_1_33' title='bbox 194 591 337 645; x_wconf 90' lang='lat' dir='ltr'><strong>uotis</strong></span> <span class='ocrx_word' id='word_1_34' title='bbox 375 589 725 660; x_wconf 83' lang='lat' dir='ltr'><strong>precibusque</strong></span> <span class='ocrx_word' id='word_1_35' title='bbox 763 587 940 639; x_wconf 91' lang='lat' dir='ltr'><strong>uirum</strong></span> <span class='ocrx_word' id='word_1_36' title='bbox 979 583 1207 639; x_wconf 82' lang='lat' dir='ltr'><strong>concede</strong></span> <span class='ocrx_word' id='word_1_37' title='bbox 1248 582 1467 651; x_wconf 90' lang='lat' dir='ltr'><strong>moueri,</strong></span> 
     </span>
     <span class='ocr_line' id='line_1_7' title="bbox 85 657 1571 736; baseline -0.007 -17"><span class='ocrx_word' id='word_1_38' title='bbox 85 666 130 720; x_wconf 91' lang='grc' dir='ltr'><strong>Ο</strong></span> <span class='ocrx_word' id='word_1_39' title='bbox 170 663 435 736; x_wconf 75' lang='lat' dir='ltr'><strong>genetrix:</strong></span> <span class='ocrx_word' id='word_1_40' title='bbox 474 662 606 715; x_wconf 91' lang='lat' dir='ltr'><strong>duro</strong></span> <span class='ocrx_word' id='word_1_41' title='bbox 645 677 743 714; x_wconf 92' lang='lat' dir='ltr'><strong>nec</strong></span> <span class='ocrx_word' id='word_1_42' title='bbox 781 660 926 712; x_wconf 91' lang='lat' dir='ltr'><strong>enim</strong></span> <span class='ocrx_word' id='word_1_43' title='bbox 966 676 1029 711; x_wconf 85' lang='lat' dir='ltr'><strong>ex</strong></span> <span class='ocrx_word' id='word_1_44' title='bbox 1068 657 1352 710; x_wconf 85' lang='lat' dir='ltr'><strong>adamante</strong></span> <span class='ocrx_word' id='word_1_45' title='bbox 1391 657 1571 721; x_wconf 86' lang='lat' dir='ltr'><strong>creati,</strong></span> 
     </span>
     <span class='ocr_line' id='line_1_8' title="bbox 87 727 1852 800; baseline -0.006 -7"><span class='ocrx_word' id='word_1_46' title='bbox 87 738 192 793; x_wconf 84' lang='lat' dir='ltr'><strong>Sed</strong></span> <span class='ocrx_word' id='word_1_47' title='bbox 229 742 323 791; x_wconf 87' lang='lat' dir='ltr'><strong>tua</strong></span> <span class='ocrx_word' id='word_1_48' title='bbox 358 736 518 790; x_wconf 86' lang='lat' dir='ltr'><strong>turba</strong></span> <span class='ocrx_word' id='word_1_49' title='bbox 556 752 755 788; x_wconf 90' lang='lat' dir='ltr'><strong>sumus.</strong></span> <span class='ocrx_word' id='word_1_50' title='bbox 830 733 1004 786; x_wconf 87' lang='lat' dir='ltr'><strong>clarus</strong></span> <span class='ocrx_word' id='word_1_51' title='bbox 1045 730 1108 783; x_wconf 93' lang='lat' dir='ltr'><strong>de</strong></span> <span class='ocrx_word' id='word_1_52' title='bbox 1148 733 1306 800; x_wconf 90' lang='lat' dir='ltr'><strong>gente</strong></span> <span class='ocrx_word' id='word_1_53' title='bbox 1343 727 1540 783; x_wconf 86' lang='lat' dir='ltr'><strong>Latina</strong></span> <span class='ocrx_word' id='word_1_54' title='bbox 1797 744 1852 785; x_wconf 80' lang='lat'><strong>70</strong></span> 
     </span>
     <span class='ocr_line' id='line_1_9' title="bbox 86 804 1470 879; baseline -0.008 -13"><span class='ocrx_word' id='word_1_55' title='bbox 86 813 188 866; x_wconf 83' lang='lat' dir='ltr'><strong>Est</strong></span> <span class='ocrx_word' id='word_1_56' title='bbox 224 811 643 879; x_wconf 89' lang='lat' dir='ltr'><strong>iuuenis,.quem</strong></span> <span class='ocrx_word' id='word_1_57' title='bbox 679 806 919 877; x_wconf 89' lang='lat' dir='ltr'><strong>patriciis</strong></span> <span class='ocrx_word' id='word_1_58' title='bbox 958 804 1251 858; x_wconf 89' lang='lat' dir='ltr'><strong>maioribus</strong></span> <span class='ocrx_word' id='word_1_59' title='bbox 1291 806 1470 856; x_wconf 91' lang='lat' dir='ltr'><strong>ortum</strong></span> 
     </span>
     <span class='ocr_line' id='line_1_10' title="bbox 86 877 1396 954; baseline -0.008 -15"><span class='ocrx_word' id='word_1_60' title='bbox 86 884 359 939; x_wconf 77' lang='lat' dir='ltr'><strong>Nobilitas</strong></span> <span class='ocrx_word' id='word_1_61' title='bbox 399 882 588 954; x_wconf 89' lang='lat' dir='ltr'><strong>gauisa</strong></span> <span class='ocrx_word' id='word_1_62' title='bbox 625 881 751 935; x_wconf 90' lang='lat' dir='ltr'><strong>tulit</strong></span> <span class='ocrx_word' id='word_1_63' title='bbox 787 895 1153 949; x_wconf 80' lang='lat' dir='ltr'><strong>praesagaque</strong></span> <span class='ocrx_word' id='word_1_64' title='bbox 1192 877 1396 931; x_wconf 87' lang='lat' dir='ltr'><strong>formae</strong></span> 
     </span>
     <span class='ocr_line' id='line_1_11' title="bbox 87 950 1412 1023; baseline -0.007 -11"><span class='ocrx_word' id='word_1_65' title='bbox 87 957 341 1012; x_wconf 73' lang='lat' dir='ltr'><strong>Protinus</strong></span> <span class='ocrx_word' id='word_1_66' title='bbox 379 975 408 1010; x_wconf 90' lang='lat' dir='ltr'><strong>e</strong></span> <span class='ocrx_word' id='word_1_67' title='bbox 445 958 631 1010; x_wconf 86' lang='lat' dir='ltr'><strong>nostro</strong></span> <span class='ocrx_word' id='word_1_68' title='bbox 671 956 854 1023; x_wconf 90' lang='lat' dir='ltr'><strong>posuit</strong></span> <span class='ocrx_word' id='word_1_69' title='bbox 890 951 1212 1022; x_wconf 87' lang='lat' dir='ltr'><strong>cognomina</strong></span> <span class='ocrx_word' id='word_1_70' title='bbox 1250 950 1412 1004; x_wconf 90' lang='lat' dir='ltr'><strong>caelo.</strong></span> 
     </span>
     <span class='ocr_line' id='line_1_12' title="bbox 88 1023 1613 1102; baseline -0.007 -17"><span class='ocrx_word' id='word_1_71' title='bbox 88 1031 247 1085; x_wconf 91' lang='lat' dir='ltr'><strong>Hunc</strong></span> <span class='ocrx_word' id='word_1_72' title='bbox 286 1032 500 1102; x_wconf 84' lang='lat' dir='ltr'><strong>egomet</strong></span> <span class='ocrx_word' id='word_1_73' title='bbox 535 1031 654 1082; x_wconf 86' lang='lat' dir='ltr'><strong>tota</strong></span> <span class='ocrx_word' id='word_1_74' title='bbox 693 1027 966 1097; x_wconf 91' lang='lat' dir='ltr'><strong>(quoniam</strong></span> <span class='ocrx_word' id='word_1_75' title='bbox 1006 1026 1106 1078; x_wconf 90' lang='lat' dir='ltr'><strong>tibi</strong></span> <span class='ocrx_word' id='word_1_76' title='bbox 1145 1023 1320 1094; x_wconf 87' lang='lat' dir='ltr'><strong>dulce)</strong></span> <span class='ocrx_word' id='word_1_77' title='bbox 1359 1023 1613 1092; x_wconf 79' lang='lat' dir='ltr'><strong>pharetra</strong></span> 
     </span>
     <span class='ocr_line' id='line_1_13' title="bbox 88 1097 1854 1174; baseline -0.006 -15"><span class='ocrx_word' id='word_1_78' title='bbox 88 1104 373 1174; x_wconf 91' lang='lat' dir='ltr'><strong>Improbus</strong></span> <span class='ocrx_word' id='word_1_79' title='bbox 411 1106 466 1157; x_wconf 90' lang='lat' dir='ltr'><strong>et</strong></span> <span class='ocrx_word' id='word_1_80' title='bbox 504 1102 669 1156; x_wconf 85' lang='lat' dir='ltr'><strong>densa</strong></span> <span class='ocrx_word' id='word_1_81' title='bbox 706 1100 1066 1168; x_wconf 83' lang='lat' dir='ltr'><strong>trepidantem</strong></span> <span class='ocrx_word' id='word_1_82' title='bbox 1105 1097 1322 1166; x_wconf 89' lang='lat' dir='ltr'><strong>cuspide</strong></span> <span class='ocrx_word' id='word_1_83' title='bbox 1360 1098 1469 1151; x_wconf 86' lang='lat' dir='ltr'><strong>fixi.</strong></span> <span class='ocrx_word' id='word_1_84' title='bbox 1802 1110 1854 1150; x_wconf 82' lang='lat'><strong>75</strong></span> 
     </span>
     <span class='ocr_line' id='line_1_14' title="bbox 92 1171 1486 1242; baseline -0.006 -11"><span class='ocrx_word' id='word_1_85' title='bbox 92 1177 348 1241; x_wconf 83' lang='lat' dir='ltr'><strong>Quamuis</strong></span> <span class='ocrx_word' id='word_1_86' title='bbox 386 1175 647 1235; x_wconf 83' lang='lat' dir='ltr'><strong>Ausoniis</strong></span> <span class='ocrx_word' id='word_1_87' title='bbox 686 1175 916 1227; x_wconf 90' lang='lat' dir='ltr'><strong>multum</strong></span> <span class='ocrx_word' id='word_1_88' title='bbox 957 1189 1122 1242; x_wconf 90' lang='lat' dir='ltr'><strong>gener</strong></span> <span class='ocrx_word' id='word_1_89' title='bbox 1158 1171 1248 1224; x_wconf 90' lang='lat' dir='ltr'><strong>ille</strong></span> <span class='ocrx_word' id='word_1_90' title='bbox 1287 1171 1486 1240; x_wconf 87' lang='lat' dir='ltr'><strong>petitus</strong></span> 
     </span>
     <span class='ocr_line' id='line_1_15' title="bbox 91 1246 1518 1320; baseline -0.006 -16"><span class='ocrx_word' id='word_1_91' title='bbox 91 1251 368 1320; x_wconf 91' lang='lat' dir='ltr'><strong>Matribus,</strong></span> <span class='ocrx_word' id='word_1_92' title='bbox 407 1249 618 1303; x_wconf 91' lang='lat' dir='ltr'><strong>edomui</strong></span> <span class='ocrx_word' id='word_1_93' title='bbox 654 1249 855 1300; x_wconf 87' lang='lat' dir='ltr'><strong>uictum</strong></span> <span class='ocrx_word' id='word_1_94' title='bbox 895 1246 1247 1315; x_wconf 85' lang='lat' dir='ltr'><strong>dominaeque</strong></span> <span class='ocrx_word' id='word_1_95' title='bbox 1284 1246 1518 1313; x_wconf 85' lang='lat' dir='ltr'><strong>potentis</strong></span> 
     </span>
     <span class='ocr_line' id='line_1_16' title="bbox 90 1320 1571 1394; baseline -0.005 -16"><span class='ocrx_word' id='word_1_96' title='bbox 90 1324 250 1378; x_wconf 86' lang='lat' dir='ltr'><strong>Ferre</strong></span> <span class='ocrx_word' id='word_1_97' title='bbox 285 1324 471 1394; x_wconf 90' lang='lat' dir='ltr'><strong>iugum</strong></span> <span class='ocrx_word' id='word_1_98' title='bbox 511 1325 566 1374; x_wconf 91' lang='lat' dir='ltr'><strong>et</strong></span> <span class='ocrx_word' id='word_1_99' title='bbox 601 1322 794 1391; x_wconf 89' lang='lat' dir='ltr'><strong>longos</strong></span> <span class='ocrx_word' id='word_1_100' title='bbox 833 1320 964 1373; x_wconf 88' lang='lat' dir='ltr'><strong>iussi</strong></span> <span class='ocrx_word' id='word_1_101' title='bbox 1002 1336 1213 1387; x_wconf 86' lang='lat' dir='ltr'><strong>sperare</strong></span> <span class='ocrx_word' id='word_1_102' title='bbox 1253 1335 1348 1386; x_wconf 91' lang='lat' dir='ltr'><strong>per</strong></span> <span class='ocrx_word' id='word_1_103' title='bbox 1386 1336 1571 1371; x_wconf 87' lang='lat' dir='ltr'><strong>annos.</strong></span> 
     </span>
     <span class='ocr_line' id='line_1_17' title="bbox 93 1390 1552 1461; baseline -0.005 -10"><span class='ocrx_word' id='word_1_104' title='bbox 93 1398 195 1451; x_wconf 87' lang='lat' dir='ltr'><strong>Ast</strong></span> <span class='ocrx_word' id='word_1_105' title='bbox 231 1397 379 1450; x_wconf 90' lang='lat' dir='ltr'><strong>illam</strong></span> <span class='ocrx_word' id='word_1_106' title='bbox 420 1413 628 1449; x_wconf 89' lang='lat' dir='ltr'><strong>summa</strong></span> <span class='ocrx_word' id='word_1_107' title='bbox 664 1394 858 1447; x_wconf 89' lang='lat' dir='ltr'><strong>leuiter</strong></span> <span class='ocrx_word' id='word_1_108' title='bbox 897 1391 996 1461; x_wconf 91' lang='lat' dir='ltr'><strong>(sic</strong></span> <span class='ocrx_word' id='word_1_109' title='bbox 1035 1410 1266 1460; x_wconf 90' lang='lat' dir='ltr'><strong>namque</strong></span> <span class='ocrx_word' id='word_1_110' title='bbox 1304 1390 1552 1460; x_wconf 86' lang='lat' dir='ltr'><strong>iubebas)</strong></span> 
     </span>
     <span class='ocr_line' id='line_1_18' title="bbox 92 1466 1859 1539; baseline -0.005 -15"><span class='ocrx_word' id='word_1_111' title='bbox 92 1469 363 1539; x_wconf 90' lang='lat' dir='ltr'><strong>Lampade</strong></span> <span class='ocrx_word' id='word_1_112' title='bbox 400 1471 679 1539; x_wconf 84' lang='lat' dir='ltr'><strong>parcentes</strong></span> <span class='ocrx_word' id='word_1_113' title='bbox 719 1470 773 1519; x_wconf 88' lang='lat' dir='ltr'><strong>et</strong></span> <span class='ocrx_word' id='word_1_114' title='bbox 810 1467 969 1519; x_wconf 91' lang='lat' dir='ltr'><strong>inerti</strong></span> <span class='ocrx_word' id='word_1_115' title='bbox 1009 1466 1319 1518; x_wconf 83' lang='lat' dir='ltr'><strong>strinximus</strong></span> <span class='ocrx_word' id='word_1_116' title='bbox 1360 1482 1501 1517; x_wconf 89' lang='lat' dir='ltr'><strong>arcu.</strong></span> <span class='ocrx_word' id='word_1_117' title='bbox 1802 1476 1859 1517; x_wconf 85' lang='lat'><strong>80</strong></span> 
     </span>
     <span class='ocr_line' id='line_1_19' title="bbox 93 1538 1490 1613; baseline -0.006 -16"><span class='ocrx_word' id='word_1_118' title='bbox 93 1545 176 1598; x_wconf 86' lang='lat' dir='ltr'><strong>Ex</strong></span> <span class='ocrx_word' id='word_1_119' title='bbox 213 1544 307 1597; x_wconf 91' lang='lat' dir='ltr'><strong>illo</strong></span> <span class='ocrx_word' id='word_1_120' title='bbox 347 1545 579 1613; x_wconf 89' lang='lat' dir='ltr'><strong>quantos</strong></span> <span class='ocrx_word' id='word_1_121' title='bbox 617 1541 826 1594; x_wconf 88' lang='lat' dir='ltr'><strong>iuuenis</strong></span> <span class='ocrx_word' id='word_1_122' title='bbox 863 1542 1073 1608; x_wconf 86' lang='lat' dir='ltr'><strong>premat</strong></span> <span class='ocrx_word' id='word_1_123' title='bbox 1111 1539 1297 1591; x_wconf 85' lang='lat' dir='ltr'><strong>anxius</strong></span> <span class='ocrx_word' id='word_1_124' title='bbox 1337 1538 1490 1607; x_wconf 85' lang='lat' dir='ltr'><strong>ignes</strong></span> 
     </span>
     <span class='ocr_line' id='line_1_20' title="bbox 95 1611 1573 1687; baseline -0.005 -16"><span class='ocrx_word' id='word_1_125' title='bbox 95 1617 274 1670; x_wconf 88' lang='lat' dir='ltr'><strong>Testis</strong></span> <span class='ocrx_word' id='word_1_126' title='bbox 313 1633 428 1687; x_wconf 89' lang='lat' dir='ltr'><strong>ego,</strong></span> <span class='ocrx_word' id='word_1_127' title='bbox 468 1615 728 1669; x_wconf 87' lang='lat' dir='ltr'><strong>attonitus</strong></span> <span class='ocrx_word' id='word_1_128' title='bbox 768 1616 1028 1683; x_wconf 90' lang='lat' dir='ltr'><strong>quantum</strong></span> <span class='ocrx_word' id='word_1_129' title='bbox 1067 1631 1152 1664; x_wconf 90' lang='lat' dir='ltr'><strong>me</strong></span> <span class='ocrx_word' id='word_1_130' title='bbox 1189 1614 1344 1665; x_wconf 84' lang='lat' dir='ltr'><strong>nocte</strong></span> <span class='ocrx_word' id='word_1_131' title='bbox 1384 1611 1573 1679; x_wconf 90' lang='lat' dir='ltr'><strong>dieque</strong></span> 
     </span>
     <span class='ocr_line' id='line_1_21' title="bbox 94 1685 1632 1760; baseline -0.004 -16"><span class='ocrx_word' id='word_1_132' title='bbox 94 1690 392 1760; x_wconf 86' lang='lat' dir='ltr'><strong>Urgentem</strong></span> <span class='ocrx_word' id='word_1_133' title='bbox 429 1688 583 1742; x_wconf 86' lang='lat' dir='ltr'><strong>ferat.</strong></span> <span class='ocrx_word' id='word_1_134' title='bbox 658 1686 801 1740; x_wconf 91' lang='lat' dir='ltr'><strong>haud</strong></span> <span class='ocrx_word' id='word_1_135' title='bbox 839 1686 936 1739; x_wconf 92' lang='lat' dir='ltr'><strong>ulli</strong></span> <span class='ocrx_word' id='word_1_136' title='bbox 974 1685 1343 1738; x_wconf 89' lang='lat' dir='ltr'><strong>uehementior</strong></span> <span class='ocrx_word' id='word_1_137' title='bbox 1381 1702 1632 1754; x_wconf 85' lang='lat' dir='ltr'><strong>umquam</strong></span> 
     </span>
     <span class='ocr_line' id='line_1_22' title="bbox 95 1758 1396 1833; baseline -0.005 -16"><span class='ocrx_word' id='word_1_138' title='bbox 95 1763 336 1833; x_wconf 87' lang='lat' dir='ltr'><strong>Incubui,</strong></span> <span class='ocrx_word' id='word_1_139' title='bbox 375 1762 631 1833; x_wconf 84' lang='lat' dir='ltr'><strong>genetrix,</strong></span> <span class='ocrx_word' id='word_1_140' title='bbox 667 1761 967 1829; x_wconf 89' lang='lat' dir='ltr'><strong>iterataque</strong></span> <span class='ocrx_word' id='word_1_141' title='bbox 1006 1759 1232 1812; x_wconf 90' lang='lat' dir='ltr'><strong>uulnera</strong></span> <span class='ocrx_word' id='word_1_142' title='bbox 1269 1758 1396 1811; x_wconf 87' lang='lat' dir='ltr'><strong>fodi.</strong></span> 
     </span>
     <span class='ocr_line' id='line_1_23' title="bbox 97 1833 1860 1906; baseline -0.003 -16"><span class='ocrx_word' id='word_1_143' title='bbox 97 1836 223 1890; x_wconf 91' lang='lat' dir='ltr'><strong>Uidi</strong></span> <span class='ocrx_word' id='word_1_144' title='bbox 261 1853 362 1906; x_wconf 90' lang='lat' dir='ltr'><strong>ego</strong></span> <span class='ocrx_word' id='word_1_145' title='bbox 402 1838 456 1889; x_wconf 89' lang='lat' dir='ltr'><strong>et</strong></span> <span class='ocrx_word' id='word_1_146' title='bbox 492 1834 687 1888; x_wconf 89' lang='lat' dir='ltr'><strong>immiti</strong></span> <span class='ocrx_word' id='word_1_147' title='bbox 726 1834 976 1902; x_wconf 90' lang='lat' dir='ltr'><strong>cupidum</strong></span> <span class='ocrx_word' id='word_1_148' title='bbox 1015 1833 1290 1885; x_wconf 88' lang='lat' dir='ltr'><strong>decurrere</strong></span> <span class='ocrx_word' id='word_1_149' title='bbox 1330 1850 1520 1900; x_wconf 89' lang='lat' dir='ltr'><strong>campo</strong></span> <span class='ocrx_word' id='word_1_150' title='bbox 1804 1845 1860 1885; x_wconf 82' lang='lat'><strong>85</strong></span> 
     </span>
     <span class='ocr_line' id='line_1_24' title="bbox 97 1906 1476 1980; baseline -0.004 -17"><span class='ocrx_word' id='word_1_151' title='bbox 97 1909 507 1980; x_wconf 90' lang='lat' dir='ltr'><strong>Hippomenem,</strong></span> <span class='ocrx_word' id='word_1_152' title='bbox 541 1926 640 1961; x_wconf 91' lang='lat' dir='ltr'><strong>nec</strong></span> <span class='ocrx_word' id='word_1_153' title='bbox 679 1908 754 1961; x_wconf 89' lang='lat' dir='ltr'><strong>sic</strong></span> <span class='ocrx_word' id='word_1_154' title='bbox 792 1911 937 1959; x_wconf 91' lang='lat' dir='ltr'><strong>meta</strong></span> <span class='ocrx_word' id='word_1_155' title='bbox 973 1906 1213 1975; x_wconf 83' lang='lat' dir='ltr'><strong>pallebat</strong></span> <span class='ocrx_word' id='word_1_156' title='bbox 1249 1906 1306 1957; x_wconf 92' lang='lat' dir='ltr'><strong>in</strong></span> <span class='ocrx_word' id='word_1_157' title='bbox 1344 1906 1476 1974; x_wconf 88' lang='lat' dir='ltr'><strong>ipsa.</strong></span> 
     </span>
     <span class='ocr_line' id='line_1_25' title="bbox 32 1979 1351 2052; baseline -0.002 -18"><span class='ocrx_word' id='word_1_158' title='bbox 32 2012 34 2034; x_wconf 35' lang='lat' dir='ltr'><strong>ff</strong></span> <span class='ocrx_word' id='word_1_159' title='bbox 98 1982 226 2036; x_wconf 91' lang='lat' dir='ltr'><strong>Uidi</strong></span> <span class='ocrx_word' id='word_1_160' title='bbox 263 1986 317 2036; x_wconf 91' lang='lat' dir='ltr'><strong>et</strong></span> <span class='ocrx_word' id='word_1_161' title='bbox 353 1981 606 2052; x_wconf 87' lang='lat' dir='ltr'><strong>Abydeni</strong></span> <span class='ocrx_word' id='word_1_162' title='bbox 641 1981 852 2034; x_wconf 87' lang='lat' dir='ltr'><strong>iuuenis</strong></span> <span class='ocrx_word' id='word_1_163' title='bbox 891 1980 1154 2033; x_wconf 85' lang='lat' dir='ltr'><strong>certantia</strong></span> <span class='ocrx_word' id='word_1_164' title='bbox 1192 1979 1351 2031; x_wconf 89' lang='lat' dir='ltr'><strong>remis</strong></span> 
     </span>
     <span class='ocr_line' id='line_1_26' title="bbox 99 2053 1454 2124; baseline -0.003 -15"><span class='ocrx_word' id='word_1_165' title='bbox 99 2055 331 2109; x_wconf 90' lang='lat' dir='ltr'><strong>Brachia</strong></span> <span class='ocrx_word' id='word_1_166' title='bbox 365 2055 685 2124; x_wconf 82' lang='lat' dir='ltr'><strong>laudauique</strong></span> <span class='ocrx_word' id='word_1_167' title='bbox 722 2072 915 2107; x_wconf 90' lang='lat' dir='ltr'><strong>manus</strong></span> <span class='ocrx_word' id='word_1_168' title='bbox 953 2057 1009 2106; x_wconf 88' lang='lat' dir='ltr'><strong>et</strong></span> <span class='ocrx_word' id='word_1_169' title='bbox 1045 2071 1204 2122; x_wconf 87' lang='lat' dir='ltr'><strong>saepe</strong></span> <span class='ocrx_word' id='word_1_170' title='bbox 1241 2053 1454 2105; x_wconf 85' lang='lat' dir='ltr'><strong>natanti</strong></span> 
     </span>
     <span class='ocr_line' id='line_1_27' title="bbox 100 2126 1541 2195; baseline -0.003 -12"><span class='ocrx_word' id='word_1_171' title='bbox 100 2129 373 2183; x_wconf 86' lang='lat' dir='ltr'><strong>Praeluxi:</strong></span> <span class='ocrx_word' id='word_1_172' title='bbox 412 2129 590 2182; x_wconf 90' lang='lat' dir='ltr'><strong>minor</strong></span> <span class='ocrx_word' id='word_1_173' title='bbox 626 2128 716 2180; x_wconf 90' lang='lat' dir='ltr'><strong>ille</strong></span> <span class='ocrx_word' id='word_1_174' title='bbox 755 2128 901 2180; x_wconf 90' lang='lat' dir='ltr'><strong>calor</strong></span> <span class='ocrx_word' id='word_1_175' title='bbox 939 2145 1043 2195; x_wconf 92' lang='lat' dir='ltr'><strong>quo</strong></span> <span class='ocrx_word' id='word_1_176' title='bbox 1083 2144 1245 2179; x_wconf 88' lang='lat' dir='ltr'><strong>saeua</strong></span> <span class='ocrx_word' id='word_1_177' title='bbox 1281 2126 1541 2194; x_wconf 91' lang='lat' dir='ltr'><strong>tepebant</strong></span> 
     </span>
     <span class='ocr_line' id='line_1_28' title="bbox 101 2200 1866 2272; baseline -0.003 -15"><span class='ocrx_word' id='word_1_178' title='bbox 101 2202 374 2272; x_wconf 86' lang='lat' dir='ltr'><strong>Aequora:</strong></span> <span class='ocrx_word' id='word_1_179' title='bbox 412 2205 473 2255; x_wconf 91' lang='lat' dir='ltr'><strong>tu</strong></span> <span class='ocrx_word' id='word_1_180' title='bbox 509 2204 732 2270; x_wconf 86' lang='lat' dir='ltr'><strong>ueteres,</strong></span> <span class='ocrx_word' id='word_1_181' title='bbox 768 2200 993 2269; x_wconf 79' lang='lat' dir='ltr'><strong>iuueniS,</strong></span> <span class='ocrx_word' id='word_1_182' title='bbox 1029 2202 1397 2268; x_wconf 87' lang='lat' dir='ltr'><strong>transgressus</strong></span> <span class='ocrx_word' id='word_1_183' title='bbox 1436 2216 1661 2253; x_wconf 88' lang='lat' dir='ltr'><strong>amores.</strong></span> <span class='ocrx_word' id='word_1_184' title='bbox 1809 2212 1866 2252; x_wconf 84' lang='lat'><strong>90</strong></span> 
     </span>
     <span class='ocr_line' id='line_1_29' title="bbox 33 2273 1502 2346; baseline -0.002 -19"><span class='ocrx_word' id='word_1_185' title='bbox 33 2323 35 2327; x_wconf 91' lang='lat'>.</span> <span class='ocrx_word' id='word_1_186' title='bbox 101 2275 224 2346; x_wconf 89' lang='lat' dir='ltr'><strong>Ipse</strong></span> <span class='ocrx_word' id='word_1_187' title='bbox 262 2293 362 2346; x_wconf 92' lang='lat' dir='ltr'><strong>ego</strong></span> <span class='ocrx_word' id='word_1_188' title='bbox 399 2278 454 2328; x_wconf 92' lang='lat' dir='ltr'><strong>te</strong></span> <span class='ocrx_word' id='word_1_189' title='bbox 490 2277 673 2328; x_wconf 87' lang='lat' dir='ltr'><strong>tantos</strong></span> <span class='ocrx_word' id='word_1_190' title='bbox 714 2274 895 2343; x_wconf 88' lang='lat' dir='ltr'><strong>stupui</strong></span> <span class='ocrx_word' id='word_1_191' title='bbox 934 2273 1150 2326; x_wconf 89' lang='lat' dir='ltr'><strong>durasse</strong></span> <span class='ocrx_word' id='word_1_192' title='bbox 1188 2290 1283 2341; x_wconf 90' lang='lat' dir='ltr'><strong>per</strong></span> <span class='ocrx_word' id='word_1_193' title='bbox 1322 2275 1502 2325; x_wconf 88' lang='lat' dir='ltr'><strong>aestus</strong></span> 
     </span>
     <span class='ocr_line' id='line_1_30' title="bbox 101 2347 1587 2418; baseline -0.003 -16"><span class='ocrx_word' id='word_1_194' title='bbox 101 2348 442 2418; x_wconf 86' lang='lat' dir='ltr'><strong>Firmauique</strong></span> <span class='ocrx_word' id='word_1_195' title='bbox 482 2349 691 2401; x_wconf 87' lang='lat' dir='ltr'><strong>animos</strong></span> <span class='ocrx_word' id='word_1_196' title='bbox 730 2347 1043 2416; x_wconf 90' lang='lat' dir='ltr'><strong>blandisque</strong></span> <span class='ocrx_word' id='word_1_197' title='bbox 1083 2347 1354 2399; x_wconf 88' lang='lat' dir='ltr'><strong>madentia</strong></span> <span class='ocrx_word' id='word_1_198' title='bbox 1391 2347 1587 2414; x_wconf 91' lang='lat' dir='ltr'><strong>plumis</strong></span> 
     </span>
     <span class='ocr_line' id='line_1_31' title="bbox 103 2419 1582 2490; baseline -0.003 -14"><span class='ocrx_word' id='word_1_199' title='bbox 103 2422 332 2476; x_wconf 90' lang='lat' dir='ltr'><strong>Lumina</strong></span> <span class='ocrx_word' id='word_1_200' title='bbox 369 2422 578 2475; x_wconf 87' lang='lat' dir='ltr'><strong>detersi.</strong></span> <span class='ocrx_word' id='word_1_201' title='bbox 653 2421 900 2490; x_wconf 86' lang='lat' dir='ltr'><strong>quotiens</strong></span> <span class='ocrx_word' id='word_1_202' title='bbox 939 2420 1071 2473; x_wconf 90' lang='lat' dir='ltr'><strong>mihi</strong></span> <span class='ocrx_word' id='word_1_203' title='bbox 1110 2423 1329 2489; x_wconf 86' lang='lat' dir='ltr'><strong>questus</strong></span> <span class='ocrx_word' id='word_1_204' title='bbox 1367 2419 1582 2488; x_wconf 84' lang='lat' dir='ltr'><strong>Apollo,</strong></span> 
     </span>
     <span class='ocr_line' id='line_1_32' title="bbox 107 2493 1544 2562; baseline -0.003 -12"><span class='ocrx_word' id='word_1_205' title='bbox 107 2494 193 2550; x_wconf 86' lang='lat' dir='ltr'><strong>Sic</strong></span> <span class='ocrx_word' id='word_1_206' title='bbox 229 2499 411 2549; x_wconf 86' lang='lat' dir='ltr'><strong>uatem</strong></span> <span class='ocrx_word' id='word_1_207' title='bbox 449 2512 684 2548; x_wconf 89' lang='lat' dir='ltr'><strong>maerere</strong></span> <span class='ocrx_word' id='word_1_208' title='bbox 722 2495 900 2548; x_wconf 84' lang='lat' dir='ltr'><strong>suum!</strong></span> <span class='ocrx_word' id='word_1_209' title='bbox 948 2493 1072 2562; x_wconf 90' lang='lat' dir='ltr'><strong>iam,</strong></span> <span class='ocrx_word' id='word_1_210' title='bbox 1110 2496 1298 2561; x_wconf 90' lang='lat' dir='ltr'><strong>mater,</strong></span> <span class='ocrx_word' id='word_1_211' title='bbox 1335 2496 1544 2546; x_wconf 87' lang='lat' dir='ltr'><strong>amatos</strong></span> 
     </span>
    </p>
   </div>
   <div class='ocr_carea' id='block_1_3' title="bbox 123 2644 386 2649">
    <p class='ocr_par' dir='ltr' id='par_1_3' title="bbox 123 2644 386 2649">
     <span class='ocr_line' id='line_1_33' title="bbox 123 2644 386 2649; baseline 0 0"><span class='ocrx_word' id='word_1_212' title='bbox 123 2644 386 2649; x_wconf 95' lang='lat' dir='ltr'><strong> </strong></span> 
     </span>
    </p>
   </div>
   <div class='ocr_carea' id='block_1_4' title="bbox 105 2739 1869 2916">
    <p class='ocr_par' dir='ltr' id='par_1_4' title="bbox 105 2739 1869 2927">
     <span class='ocr_line' id='line_1_34' title="bbox 224 2739 1867 2800; baseline -0.004 -12"><span class='ocrx_word' id='word_1_213' title='bbox 224 2749 279 2789; x_wconf 82' lang='grc'><strong>67</strong></span> <span class='ocrx_word' id='word_1_214' title='bbox 312 2743 493 2800; x_wconf 85' lang='lat' dir='ltr'><strong>dextra]</strong></span> <span class='ocrx_word' id='word_1_215' title='bbox 528 2744 695 2798; x_wconf 87' lang='lat' dir='ltr'><strong>questu</strong></span> <span class='ocrx_word' id='word_1_216' title='bbox 724 2741 1005 2786; x_wconf 79' lang='lat' dir='ltr'><strong>Schraderus</strong></span> <span class='ocrx_word' id='word_1_217' title='bbox 1037 2743 1053 2796; x_wconf 87' lang='grc' dir='ltr'><strong>ΙΙ</strong></span> <span class='ocrx_word' id='word_1_218' title='bbox 1091 2745 1146 2785; x_wconf 85' lang='grc'><strong>68</strong></span> <span class='ocrx_word' id='word_1_219' title='bbox 1178 2739 1268 2783; x_wconf 87' lang='lat' dir='ltr'><strong>uiri</strong></span> <span class='ocrx_word' id='word_1_220' title='bbox 1298 2740 1576 2785; x_wconf 79' lang='lat' dir='ltr'><strong>Bernartius</strong></span> <span class='ocrx_word' id='word_1_221' title='bbox 1612 2740 1628 2795; x_wconf 83' lang='grc' dir='ltr'><strong>ΙΙ</strong></span> <span class='ocrx_word' id='word_1_222' title='bbox 1667 2745 1724 2783; x_wconf 80' lang='grc'><strong>74</strong></span> <span class='ocrx_word' id='word_1_223' title='bbox 1756 2753 1867 2795; x_wconf 89' lang='lat' dir='ltr'><strong>quo-</strong></span> 
     </span>
     <span class='ocr_line' id='line_1_35' title="bbox 105 2798 1869 2856; baseline -0.002 -10"><span class='ocrx_word' id='word_1_224' title='bbox 105 2801 232 2846; x_wconf 87' lang='lat' dir='ltr'><strong>niam</strong></span> <span class='ocrx_word' id='word_1_225' title='bbox 273 2802 576 2846; x_wconf 80' lang='lat' dir='ltr'><strong>Parrhasius:</strong></span> <span class='ocrx_word' id='word_1_226' title='bbox 615 2801 848 2856; x_wconf 88' lang='lat' dir='ltr'><strong>quondam</strong></span> <span class='ocrx_word' id='word_1_227' title='bbox 880 2805 909 2843; x_wconf 83' lang='lat' dir='ltr'><strong>c</strong></span> <span class='ocrx_word' id='word_1_228' title='bbox 940 2816 968 2843; x_wconf 79' lang='lat' dir='ltr'><strong>a</strong></span> <span class='ocrx_word' id='word_1_229' title='bbox 997 2801 1090 2856; x_wconf 80' lang='grc'>[182</span> <span class='ocrx_word' id='word_1_230' title='bbox 1123 2798 1351 2843; x_wconf 84' lang='lat' dir='ltr'><strong>attonitus</strong></span> <span class='ocrx_word' id='word_1_231' title='bbox 1381 2803 1438 2842; x_wconf 82' lang='lat' dir='ltr'><strong>A:</strong></span> <span class='ocrx_word' id='word_1_232' title='bbox 1482 2799 1682 2843; x_wconf 89' lang='lat' dir='ltr'><strong>attonito</strong></span> <span class='ocrx_word' id='word_1_233' title='bbox 1715 2803 1743 2840; x_wconf 82' lang='lat' dir='ltr'><strong>G</strong></span> <span class='ocrx_word' id='word_1_234' title='bbox 1774 2800 1789 2854; x_wconf 81' lang='grc' dir='ltr'><strong>ΙΙ</strong></span> <span class='ocrx_word' id='word_1_235' title='bbox 1813 2801 1869 2842; x_wconf 70' lang='lat'><strong>84</strong></span> 
     </span>
     <span class='ocr_line' id='line_1_36' title="bbox 106 2858 1190 2916; baseline -0.004 -11"><span class='ocrx_word' id='word_1_236' title='bbox 106 2860 204 2906; x_wconf 86' lang='lat' dir='ltr'><strong>fodi</strong></span> <span class='ocrx_word' id='word_1_237' title='bbox 232 2865 271 2904; x_wconf 81' lang='grc' dir='ltr'><strong>Δ</strong></span> <span class='ocrx_word' id='word_1_238' title='bbox 301 2866 350 2915; x_wconf 79' lang='lat'><strong>03</strong></span> <span class='ocrx_word' id='word_1_239' title='bbox 381 2862 536 2905; x_wconf 83' lang='lat' dir='ltr'><strong>malim</strong></span> <span class='ocrx_word' id='word_1_240' title='bbox 565 2859 664 2903; x_wconf 90' lang='lat' dir='ltr'><strong>fudi</strong></span> <span class='ocrx_word' id='word_1_241' title='bbox 686 2861 702 2916; x_wconf 84' lang='grc' dir='ltr'><strong>ΙΙ</strong></span> <span class='ocrx_word' id='word_1_242' title='bbox 725 2864 781 2904; x_wconf 86' lang='grc'><strong>86</strong></span> <span class='ocrx_word' id='word_1_243' title='bbox 810 2858 861 2902; x_wconf 88' lang='lat' dir='ltr'><strong>in</strong></span> <span class='ocrx_word' id='word_1_244' title='bbox 890 2859 986 2903; x_wconf 90' lang='lat' dir='ltr'><strong>ima</strong></span> <span class='ocrx_word' id='word_1_245' title='bbox 1017 2858 1190 2902; x_wconf 81' lang='lat' dir='ltr'><strong>Markl.</strong></span> 
     </span>
    </p>
   </div>
   <div class='ocr_carea' id='block_1_5' title="bbox 0 0 104 3106">
    <p class='ocr_par' dir='ltr' id='par_1_5' title="bbox 0 0 104 3106">
     <span class='ocr_line' id='line_1_37' title="bbox 0 0 104 3106; baseline 0 0"><span class='ocrx_word' id='word_1_246' title='bbox 0 0 104 3106; x_wconf 95' lang='lat' dir='ltr'><strong> </strong></span> 
     </span>
    </p>
   </div>
  </div>
 </body>
</html>
