1976 3126
611 167 955 216 THEBAIDOS
986 168 1099 215 LIB.
1132 167 1210 214 IX.
1646 168 1755 223 239

67 289 177 346 Ora
213 289 316 344 viri
353 289 521 360 tergit
558 290 800 345 lacrimis
840 290 1134 360 dextraque
1171 290 1400 360 reponit.

23 415 26 444 ἐ
70 363 253 419 ‘Tune
290 381 440 419 meos
478 363 666 419 hostes
705 364 980 435 hucusque
1022 382 1242 434 exosus,
1280 367 1336 417 et
1372 363 1519 418 ultra
1701 377 1756 418 75

23 447 26 500 t
66 436 266 509 Sospes
306 436 472 510 ego?'
547 438 790 493 Exuerat
827 439 1029 511 vagina
1066 438 1314 492 turbidus
1354 455 1538 492 ensem

24 524 27 539 ³
65 511 413 584 Aptabatque
450 513 593 567 neci:
633 513 858 568 comites
897 516 1141 584 tenuere,
1180 530 1436 583 socerque

71 584 320 658 Castigat
358 584 595 657 bellique
633 588 779 642 vices
820 606 882 642 ac
920 587 1038 642 fata
1075 586 1358 641 revolvens

26 718 30 736 ,Ι
65 658 283 715 Solatur
320 660 612 731 tumidum,
648 662 916 733 longeque
957 681 989 715 a
1027 679 1251 731 corpore
1292 679 1417 715 caro

28 732 358 802 Paulatim,
395 733 538 789 unde
577 735 731 791 dolor
770 736 970 807 letique
1011 736 1256 789 animosa
1294 736 1571 803 voluntas,
1695 747 1754 790 80

29 818 33 864 i
65 808 302 864 Amovet
340 827 402 864 ac
440 810 608 864 tacite
647 810 852 865 ferrum
891 811 1034 864 inter
1071 810 1239 864 verba
1276 811 1506 880 reponit.

60 881 292 938 Ducitur
330 883 532 939 amisso
572 885 748 954 qualis
788 888 1037 940 consorte
1076 885 1325 938 laborum

61 954 282 1012 Deserit
319 958 592 1030 inceptum
632 958 808 1013 media
845 960 988 1014 inter
1025 960 1214 1029 iugera
1253 958 1462 1012 sulcum

63 1029 272 1086 Taurus
311 1032 456 1086 iners
496 1033 743 1104 colloque
780 1034 971 1106 iugum
1011 1033 1249 1088 deforme
1289 1032 1515 1086 remisso

34 1104 228 1175 ¹Parte
269 1106 462 1177 trahit,
502 1111 715 1178 partem
752 1108 1048 1162 lacrimans
1089 1108 1359 1161 sustentat
1398 1109 1594 1160 arator.
1695 1120 1753 1160 85

133 1178 274 1234 Ecce
314 1184 497 1236 autem
535 1182 787 1236 hortatus
824 1181 1064 1236 Eteoclis
1105 1186 1161 1235 et
1200 1200 1350 1236 arma
1390 1181 1582 1250 secuti,

61 1251 229 1308 Lecta
268 1273 484 1326 manus,
522 1256 767 1327 iuvenes,
807 1275 941 1327 quos
980 1274 1079 1310 nec
1117 1255 1367 1309 Tritonia
1404 1255 1574 1324 bello,

59 1326 174 1382 Nec
213 1347 381 1400 prope
420 1330 639 1385 conlata
680 1332 974 1401 sprevisset
1012 1330 1234 1400 cuspide
1273 1329 1516 1397 Mavors,

64 1401 399 1475 Adventant3
441 1407 630 1459 contra
669 1405 899 1459 collecta
936 1408 999 1459 ut
1036 1407 1257 1475 pectora
1294 1421 1514 1473 parmae

59 1474 281 1531 Fixerat
320 1480 481 1548 atque
521 1479 737 1534 hastam
778 1480 940 1551 longe
979 1479 1353 1549 protenderat,
1390 1478 1581 1531 haeret
1694 1491 1753 1532 9ο

59 1547 276 1605 Arduus
315 1551 721 1623 Hippomedon:
761 1572 858 1607 ceu
896 1554 1151 1607 fluctibus
1192 1552 1354 1607 obvia
1393 1570 1573 1622 rupee„

59 1621 160 1679 Oui
197 1643 372 1697 neque
411 1627 475 1680 de
515 1627 663 1682 caelo
703 1631 880 1682 metus
921 1631 976 1682 et
1013 1627 1189 1681 fracta
1229 1645 1463 1697 aequora
1495 1626 1715 1697 cedunt,

62 1695 187 1752 Stat
225 1701 430 1755 cunctis
467 1700 676 1756 ihmota
715 1703 901 1770 miniS,
940 1703 1085 1773 fugit
1122 1702 1240 1771 ipse
1279 1702 1549 1771 rigentem

59 1771 266 1827 Pontus
307 1778 362 1828 et
404 1792 468 1828 ex
507 1776 617 1831 alto
657 1777 885 1831 miserae
924 1795 1124 1831 novere
1165 1775 1394 1830 carinae.

61 1844 212 1901 Tunc
248 1848 399 1918 prior
430 1850 667 1904 Aonides
701 1849 961 1921 (validam
1002 1851 1163 1904 simul
1203 1850 1352 1903 elicit
1382 1848 1651 1921 hastam):
1691 1863 1749 1903 95

59 1919 213 1975 ‘Non
250 1922 418 1992 pudet
454 1923 556 1977 hos
595 1923 809 1994 ManeS,
846 1925 980 1979 haec
1018 1924 1343 1978 infamantia
1380 1924 1587 1977 bellum

56 1993 271 2050 Funera
310 1996 392 2051 dis
433 2015 614 2052 coram
655 2001 709 2052 et
747 2000 896 2053 caelo
935 1999 1276 2068 inspectante
1315 1997 1495 2051 tueri?

63 2067 284 2124 Scilicet
323 2071 573 2143 egregius
615 2073 778 2127 sudor
817 2073 1275 2142 memorandaque
1315 2072 1488 2125 virtus

57 2142 211 2198 Hanc
251 2146 522 2211 tumulare
561 2146 770 2200 feram?
810 2166 877 2200 ne
917 2166 1028 2201 non
1067 2146 1434 2200 maerentibus
1475 2145 1657 2216 Argos

58 2216 345 2289 Exsequiis
385 2220 747 2274 lacrimandus
789 2226 898 2287 eat,
937 2222 1195 2291 mollique
1235 2222 1433 2273 feretro
1663 2234 1749 2274 100

59 2289 342 2348 Infandam
382 2295 617 2348 eiectans
659 2297 889 2350 saniem!
931 2296 1190 2349 dimittite
1231 2313 1428 2348 curam.

0 2400 14 2418 ..
62 2364 253 2421 Nullae
291 2368 446 2423 illum
486 2370 753 2438 volucreS,
796 2372 952 2424 nulla
990 2372 1158 2439 impia
1196 2374 1442 2423 monstra
1479 2387 1577 2422 nec
1617 2369 1750 2438 ipse,

0 2459 13 2485 ’4
64 2437 116 2495 Si
153 2441 372 2510 demus,
409 2443 531 2512 pius
570 2444 716 2514 ignis
757 2444 916 2500 edat?
993 2444 1109 2499 Nec
1147 2445 1327 2514 plura,
1367 2444 1460 2496 sed
1497 2444 1691 2513 ingens

175 2607 231 2649 ⁷4
263 2602 518 2660 dextraque
549 2609 620 2648 1³8
652 2606 763 2651 Beh.
804 2605 1109 2661 dextramque
1140 2609 1228 2647 ΒΜ
1257 2606 1274 2662 n
1305 2608 1360 2648 ’16
1391 2603 1566 2660 vagina
1600 2603 1747 2647 turbi-

69 2658 142 2715 lus
172 2666 206 2706 Ρ
236 2677 314 2731 pr.
345 2678 404 2710 m.
436 2677 520 2710 om.
552 2665 569 2721 ΙΙ
601 2669 655 2709 77
694 2667 887 2710 tenuere
917 2670 950 2708 P
975 2679 1050 2722 pr.
1083 2679 1140 2709 m.
1173 2678 1256 2709 om.
1288 2664 1304 2720 ΙΙ
1334 2667 1391 2707 88
1424 2663 1600 2708 collato
1632 2668 1704 2705 ΡΒ
1736 2670 1749 2718 ῃ

70 2722 118 2766 30
144 2723 358 2767 coniecta
386 2726 468 2766 BG
498 2722 690 2768 conlata
718 2728 752 2767 B
784 2739 924 2781 mary.
955 2727 961 2781 1
988 2737 1155 2780 parma
1183 2724 1353 2780 13(?)cp
1365 2727 1492 2765 GHT
1515 2723 1626 2768 Βοὴ.
1651 2724 1667 2777 ss
1691 2727 1747 2766 92

72 2780 206 2825 nctus
249 2781 443 2827 effracta
472 2787 541 2826 ΡΒ
579 2783 595 2839 ΙΙ
634 2788 691 2828 93
728 2783 854 2841 fugit
883 2788 952 2827 ΡΒ
991 2782 1131 2828 timet
1168 2784 1302 2828 ceteri
1339 2784 1356 2839 ΙΙ
1394 2786 1450 2826 95
1492 2781 1606 2826 eicit
1634 2782 1750 2827 Ber-

74 2841 240 2946 w
271 2840 409 2899 eligit
438 2842 666 2889 Heinsius
687 2843 703 2900 ΙΙ
727 2849 782 2888 97
814 2842 1078 2888 insectante
1102 2847 1134 2885 P
1158 2843 1173 2898 ΙΙ
1198 2847 1253 2887 99
1285 2854 1396 2886 vere
1427 2840 1748 2886 maerentibus

104 2913 134 2944 a
207 2914 282 2946 ms
