1988 3106
156 139 261 192 120
412 185 415 189 ,
761 140 812 186 P.
849 140 1073 186 PAPINII
1105 140 1305 186 STATII

963 347 1112 401 VIII.

430 475 820 522 GRATULATIO
851 476 934 520 AD
965 476 1182 521 IULIUM
1211 477 1648 524 MENEORATEM.

149 581 331 634 Pande
371 581 515 634 fores
557 598 807 649 superum
846 582 1145 652 uittataque
1181 584 1385 652 templa
1423 581 1641 637 Sabaeis

148 655 396 708 Nubibus
437 657 489 706 et
525 654 790 723 pecudum
828 655 975 708 fibris
1016 656 1347 725 spirantibus
1385 657 1545 726 inple,

148 729 509 796 Parthenope3
548 727 678 779 clari
717 745 887 797 genus
926 746 1045 781 ecce
1082 728 1402 783 Menecratis
1443 734 1605 800 auget

70 817 79 837 ⁸
148 802 331 854 Tertia
368 802 476 853 iam
518 801 745 853 soboles,
807 819 1088 869 procerum
1126 803 1228 855 tibi
1265 804 1446 856 nobile
1485 805 1681 874 uulgus

149 874 355 928 Crescit
393 877 446 926 et
483 874 662 926 insani
701 874 906 927 solatur
943 875 1139 928 damna
1177 875 1389 931 Ueseui.

148 947 261 1000 Nec
301 949 477 1000 solum
514 947 682 999 festas
722 951 898 1000 erecta
935 947 1192 1017 Neapolis
1232 967 1353 1002 aras

147 1022 390 1074 Ambiat:
430 1023 484 1072 et
522 1021 652 1073 socii
690 1024 879 1089 portus
918 1021 1216 1091 dilectaque
1255 1023 1374 1075 miti

148 1095 314 1147 Terra
351 1093 645 1147 Dicarcheo
684 1112 781 1147 nec
819 1113 931 1147 non
967 1096 1131 1166 plaga
1169 1114 1292 1148 cara
1330 1096 1565 1149 madenti

149 1167 462 1221 Surrentina
500 1167 598 1219 deo
638 1168 794 1219 sertis
833 1169 1024 1220 altaria
1051 1168 1266 1238 cingat,

148 1242 378 1294 Materni
418 1258 524 1310 qua
560 1240 688 1292 litus
729 1241 832 1309 aui,
870 1259 1028 1309 quem
1066 1243 1226 1295 turba
1262 1245 1520 1311 nepotum

149 1313 352 1367 Circuit
390 1317 445 1365 et
483 1314 683 1366 similes
722 1315 997 1367 contendit
1032 1315 1250 1368 reddere
1288 1317 1485 1369 uultus

149 1388 392 1440 Gaudeat
430 1389 484 1438 et
521 1386 725 1455 Libyca
762 1388 1063 1457 praesignis
1103 1389 1399 1442 auunculus
1437 1390 1617 1455 hasta,

149 1462 401 1543 Quaeque
442 1460 546 1512 sibi
585 1461 797 1529 genitos
836 1463 1011 1544 putat
1031 1462 1335 1538 attollitque
1374 1463 1609 1532 benigno

149 1535 304 1587 Polla
344 1534 479 1586 sinu.
539 1536 729 1601 macte,
762 1551 793 1586 o
832 1534 1058 1602 iuueniS‚
1097 1535 1189 1603 qui
1226 1538 1382 1587 tanta
1420 1537 1647 1588 merenti

146 1607 376 1660 Lumina
414 1606 508 1658 das
547 1607 768 1674 patriae.
828 1606 970 1660 dulci
1006 1608 1190 1660 tremit
1227 1626 1347 1661 ecce
1384 1610 1620 1661 tumultu

147 1681 253 1734 Tot
290 1679 520 1732 dominis
560 1680 790 1732 clamata
828 1679 1030 1733 domus
1090 1682 1276 1749 procul
1315 1684 1434 1734 atra
1470 1683 1683 1736 recedat

146 1753 359 1807 Inuidia
398 1756 557 1821 atque
597 1752 701 1805 alio
739 1753 964 1806 liuentia
999 1757 1219 1822 pectora
1255 1754 1460 1808 flectat:

146 1826 249 1879 His
289 1826 495 1879 senium
532 1826 832 1895 longaeque
871 1827 1030 1879 decus
1069 1828 1287 1880 uirtutis
1327 1831 1382 1881 et
1420 1829 1543 1882 alba

146 1900 386 1968 Atropos
426 1902 480 1951 et
517 1900 724 1967 patrius
763 1900 942 1953 lauros
981 1900 1228 1968 promisit
1263 1900 1475 1969 Apollo.

146 1973 294 2043 Ergo
335 1971 477 2042 quod
514 1971 786 2025 Ausoniae
823 1976 978 2041 pater
1016 1974 1428 2043 augustissimus
1466 1975 1614 2027 urbis

146 2046 237 2099 Ius
275 2046 378 2098 tibi
414 2046 744 2114 tergeminae
784 2045 1002 2098 dederat
1037 2047 1288 2099 laetabile
1326 2048 1513 2116 proliS,

149 2119 319 2174 Omen
359 2121 486 2171 erat.
546 2118 698 2171 uenit
732 2119 933 2172 totiens
971 2118 1175 2173 Lucina
1211 2121 1462 2191 piumque

146 2192 380 2245 Intrauit
416 2192 645 2261 repetita
681 2193 864 2245 larem.
926 2193 1002 2246 sic
1038 2193 1246 2262 fertilis,
1285 2211 1394 2262 oro,

149 2263 266 2318 Stet
303 2265 491 2318 domus
530 2267 586 2317 et
623 2265 775 2319 donis
813 2284 1105 2336 numquam
1141 2266 1345 2319 nudata
1385 2267 1623 2321 sacratis.

158 2576 161 2578 .
265 2540 388 2585 VIII.
423 2539 630 2584 Titulum
658 2553 714 2584 ex
744 2543 783 2583 A
814 2544 843 2582 G
873 2541 979 2585 dedi
1000 2542 1016 2597 ΙΙ
1039 2547 1064 2585 6
1090 2543 1245 2586 erecta
1273 2543 1458 2599 scripsi.-
1493 2545 1671 2588 secreta
1700 2549 1738 2588 A
1763 2549 1791 2586 c
1822 2546 1914 2589 lae·

147 2600 249 2644 tata
281 2599 455 2644 Markl.
492 2600 508 2655 ΙΙ
546 2603 570 2642 7
603 2598 709 2643 miti
740 2602 769 2641 0
800 2613 851 2642 a:
890 2599 1018 2643 mitis
1047 2599 1179 2645 Dom.
1220 2602 1236 2657 ΙΙ
1273 2605 1299 2644 8
1332 2601 1564 2647 dicarchei
1595 2607 1624 2644 c
1656 2618 1695 2658 a,
1727 2604 1914 2648 correxi.

148 2658 432 2702 Dicarcheae
466 2658 638 2701 Markl.
664 2659 679 2714 ΙΙ
705 2662 756 2700 11
790 2657 933 2701 simili
963 2683 1019 2690 —
1050 2659 1184 2702 uultu
1215 2659 1438 2704 Heinsius
1469 2662 1485 2716 ΙΙ
1517 2666 1570 2705 15
1602 2661 1728 2706 dulci
1760 2687 1814 2694 —
1845 2664 1939 2706 tu

147 2716 298 2760 multu
329 2719 388 2760 A·
419 2716 566 2760 dulcis
600 2742 654 2747 —-
685 2716 914 2760 tumultus
946 2720 974 2757 G
1002 2718 1009 2772 Ι
1035 2716 1193 2762 fremit
1215 2718 1459 2763 Heinsius.-
1490 2719 1657 2775 strepit
1686 2722 1782 2776 ipse
1812 2707 1960 2773 olim}-

149 2775 318 2819 com'eci
354 2775 370 2830 ΙΙ
411 2779 463 2818 17
495 2774 673 2819 lumina
702 2774 863 2819 flectat
894 2775 1067 2820 Markl.
1100 2777 1115 2831 ΙΙ
1149 2781 1201 2820 19
1234 2777 1386 2820 lauros
1419 2781 1449 2821 ς
1481 2792 1528 2821 a:
1561 2778 1690 2823 lauro
1723 2783 1751 2821 c
1780 2782 1786 2834 Ι
1812 2793 1914 2836 pro·
1932 2754 1972 2891 Ξ

147 2832 295 2878 mittit
327 2833 501 2877 Markl
526 2834 541 2889 ΙΙ
564 2837 622 2877 24
652 2833 828 2877 nudata
858 2834 1000 2877 idem·
1032 2836 1215 2879 mutata
1247 2839 1275 2876 c
1307 2850 1335 2877 a
