1976 3126
711 150 1054 198 THEBAIDOS
1084 150 1195 197 LIB.
1227 150 1282 197 X.
1751 151 1860 206 275

94 270 95 274 ’
169 274 432 347 Regibus,
471 274 606 329 haut
646 275 777 329 laeti
818 293 981 346 seque
1019 274 1125 329 huc
1163 274 1399 329 crevisse
1438 273 1699 328 dolentes,

167 347 295 404 Non
333 366 485 404 secus
526 349 723 403 amisso
763 350 999 403 medium
1039 367 1158 403 cum
1197 347 1443 419 praeside
1481 348 1679 419 puppis

167 422 358 496 Fregit
396 424 519 489 iter,
560 424 709 478 subit
747 424 814 478 ad
856 423 1003 478 vidui
1042 422 1411 478 moderamina
1450 422 1592 477 clavi

3 522 4 525 ¹
92 546 94 551 .
167 497 282 552 Aut
320 465 551 553 lateruin
592 502 797 569 custos,
837 501 932 552 aut
971 516 1127 568 quem
1167 516 1333 568 penes
1374 497 1537 551 obvia
1577 498 1745 566 ponto

5 615 6 621 ,
166 571 336 627 Prora
372 571 504 627 fuit:
545 575 728 642 stupet
766 572 888 643 ipsa
925 572 1060 626 ratis
1099 573 1359 642 tardeque
1399 573 1695 641 sequuntur
1775 582 1857 623 185

24 644 97 719 {33⁴4
166 645 359 718 Arma,
396 665 496 701 nec
536 646 740 701 accedit
779 646 996 700 domino
1036 648 1209 700 tutela
1247 646 1458 700 minori.

165 719 316 792 Ergo
357 721 532 775 alacer
570 720 811 791 trepidos
853 721 929 775 sic
970 721 1131 791 erigit
1171 738 1343 791 augur
1380 720 1642 773 Achivos:

167 793 397 866 ‘Magna
437 795 596 849 deum
635 795 916 865 mandata,
955 795 1144 866 duceS,
1182 795 1527 864 monitusque
1567 793 1828 847 verendos

0 890 3 899 ·
63 858 93 902 ‘¹
165 868 520 940 Advehimus,
558 887 663 923 non
704 869 807 923 hae
846 873 1036 923 nostro
1077 870 1141 923 de
1180 873 1397 939 pectore
1437 886 1615 922 voces:

42 950 91 1021 ¹„
165 943 265 999 Ille
307 943 474 1014 canit,
513 943 600 998 cui
637 962 723 998 me
762 943 1016 997 famulari
1057 947 1111 997 et
1151 961 1363 997 sumere
1404 944 1570 997 vittas
1773 954 1857 996 190

4 1036 5 1047 ’
164 1016 365 1072 Vestra
402 1018 558 1088 fides,
597 1018 717 1088 ipso
756 1036 868 1073 non
908 1018 1274 1088 discordante,
1314 1018 1543 1087 subegit.

163 1089 287 1147 Nox
325 1092 555 1147 fecunda
595 1110 818 1163 operum
857 1092 1223 1163 pulchraeque
1265 1090 1612 1146 accommoda
1649 1090 1828 1144 fraudi

8 1199 29 1231 4
82 1215 83 1221 ,
163 1164 426 1220 Panditur
467 1168 692 1238 augurio
735 1167 941 1237 divum3
979 1171 1139 1222 vocat
1177 1166 1339 1221 obvia
1377 1166 1573 1234 virtus,

163 1239 238 1294 Et
276 1241 451 1310 poscit
489 1241 710 1295 fortuna
749 1260 955 1295 manus,
1034 1240 1230 1311 Stupet
1268 1241 1464 1294 obruta
1504 1257 1693 1293 somno

163 1314 434 1368 Aonidum
474 1315 642 1386 legio:
680 1318 895 1385 tempus
934 1334 1075 1370 nunc
1114 1316 1305 1369 funera
1343 1332 1535 1386 regum
1771 1325 1855 1367 195

163 1387 369 1443 Ulcisci
407 1390 769 1459 miserumque
809 1390 972 1460 diem3
1012 1390 1190 1459 rapite
1220 1408 1373 1442 arma
1413 1405 1699 1457 morasque

162 1460 424 1533 Frangite
463 1466 773 1533 portarum:
814 1464 975 1518 sociis
1014 1464 1119 1517 hoc
1158 1464 1382 1518 subdere
1422 1463 1694 1530 flammaS,

55 1594 63 1602 ¹,
163 1535 283 1592 Hoc
321 1538 592 1592 tumulare
632 1556 773 1592 suos
849 1538 1117 1608 Equidem
1157 1539 1291 1591 haec
1332 1541 1386 1590 et
1426 1537 1602 1590 Marte
1642 1536 1833 1589 diurno

161 1610 307 1665 Dum
344 1629 431 1665 res
469 1611 733 1666 infractae
770 1613 1019 1683 pulsique
1059 1613 1115 1666 in
1155 1616 1310 1682 terga
1348 1611 1587 1665 redimus

163 1684 291 1753 (Per
327 1685 574 1760 tripodas
613 1687 730 1740 iuro
771 1691 825 1739 et
863 1687 1010 1757 rapti
1047 1705 1190 1741 nova
1227 1686 1346 1740 fata
1384 1682 1662 1755 magistri)
1769 1698 1856 1738 200

68 1822 89 1831 x
162 1758 313 1830 Vidi,
353 1762 407 1813 et
444 1778 531 1813 me
569 1761 817 1814 volucres
859 1761 1072 1815 circum
1101 1761 1351 1831 plausere
1391 1759 1670 1814 secundae.

164 1831 268 1887 Sed
305 1851 448 1887 nunc
487 1837 634 1887 certa
672 1835 819 1889 fides.
894 1835 1058 1889 Modo
1098 1853 1184 1888 me
1226 1835 1327 1888 sub
1366 1837 1528 1888 nocte
1568 1834 1751 1886 silenti

161 1906 316 1977 Ipse,
353 1906 470 1976 ipse
511 1907 808 1979 adsurgens
848 1910 1045 1962 iterum
1083 1909 1277 1963 tellure
1318 1909 1521 1976 soluta,

164 1980 353 2044 Qualis
394 1984 513 2035 erat
551 1979 721 2050 (solos
758 1982 1018 2036 infecerat
1053 1984 1248 2037 umbra
1286 1982 1543 2052 iugales),

162 2054 529 2124 Amphiaraus
570 2055 707 2108 adit:
746 2074 856 2108 non
894 2075 1064 2110 vanae
1104 2059 1350 2109 monstra
1389 2056 1607 2124 quietis,
1766 2068 1852 2109 205

162 2128 277 2183 Nec
316 2146 504 2182 somno
544 2133 823 2198 comperta
860 2131 1067 2200 loquor.
1144 2129 1347 2183 ‘Tune'
1390 2130 1585 2199 inquit,
1626 2127 1854 2182 ‘inertes

161 2202 448 2257 Inachidas
488 2202 671 2271 (redde
709 2203 842 2257 haec
880 2204 1144 2258 Parnasia
1184 2207 1328 2257 serta
1367 2221 1622 2272 meosque

161 2277 345 2331 Redde
385 2274 537 2347 deos)
576 2281 786 2331 tantam
826 2280 1031 2347 patiere
1072 2278 1321 2331 amittere
1360 2280 1598 2345 noctem,

162 2349 450 2421 Degener?
489 2350 624 2406 haec
664 2355 879 2422 egomet
917 2353 1052 2406 caeli
1092 2355 1299 2405 secreta
1337 2369 1614 2423 vagosque

161 2424 370 2478 Edocui
408 2425 630 2494 lapsus?
670 2426 803 2479 vade
841 2427 988 2495 heia,
1027 2427 1285 2480 ulciscere
1323 2426 1467 2479 ferro
1763 2439 1850 2479 210

161 2496 277 2552 Nos
317 2498 562 2552 salteml'
639 2498 819 2570 Dixit,
857 2519 1048 2571 meque
1086 2500 1220 2554 haec
1261 2500 1329 2554 ad
1366 2500 1559 2553 limina
1597 2499 1746 2553 visus

162 2570 397 2643 Cuspide
437 2574 655 2627 sublata
692 2577 916 2644 totoque
954 2575 1234 2659 impellere
1275 2593 1445 2628 curru.

31 2659 35 2721 J
86 2710 89 2716 ,
162 2645 338 2710 Quare
386 2647 554 2717 agite,
600 2647 857 2701 utendum
898 2650 1129 2719 superis3
1175 2667 1285 2702 non
1325 2647 1624 2701 comminus
1664 2647 1851 2700 hostes

187 2794 190 2796 -
281 2767 366 2808 183
401 2763 462 2807 ad
493 2763 627 2807 dubii
657 2768 689 2806 P
713 2764 728 2820 ΙΙ
754 2769 837 2809 185
871 2766 1090 2810 secuntur
1120 2769 1153 2808 B
1190 2764 1388 2819 sequuta
1417 2763 1543 2808 Dan.
1569 2764 1584 2820 ΙΙ
1612 2767 1696 2807 194
1726 2761 1851 2807 iacet

36 2799 58 2842 ‘¹
92 2872 96 2877 .
163 2821 331 2867 obruta
360 2822 586 2868 Barthius
610 2825 624 2880 ΙΙ
650 2829 732 2868 197
765 2822 869 2880 hoc,
901 2825 960 2870 al.
992 2839 1050 2869 m.
1082 2837 1312 2881 suprascr.
1345 2822 1489 2867 liceat
1517 2827 1551 2865 P
1573 2825 1589 2880 fl
1615 2827 1699 2867 198
1730 2822 1850 2867 haec

161 2885 195 2924 P
224 2880 314 2926 hoc
344 2884 478 2928 ceteri
499 2885 514 2940 ΙΙ
538 2888 622 2928 207
655 2882 821 2927 reddes
852 2887 885 2926 P
907 2885 923 2940 ΙΙ
947 2887 1034 2929 210
1066 2883 1209 2928 suade
1239 2886 1273 2925 B
1298 2897 1374 2940 pr.
1409 2897 1465 2926 m
1500 2881 1761 2925 G²ScGE1¹

1406 2956 1495 3002 18*
