1956 3086
57 1109 72 1117 κ
144 1095 251 1146 qua
289 1076 399 1146 egit
435 1076 796 1145 festinatione,
836 1077 1032 1130 oblitus
1073 1081 1154 1130 est
1184 1078 1471 1132 Hectorem
1502 1084 1618 1133 tum
1657 1084 1915 1152 temporis

1909 0 1937 129 1

144 238 409 307 processit
457 237 674 291 Statius.
750 238 901 291 uerbi
949 239 1124 308 gratia
1170 239 1287 294 silu.
1324 239 1407 295 III
1447 240 1495 308 5,
1532 242 1603 295 48
1652 242 1794 295 inter
1838 233 1924 296 fe·'

143 312 319 365 minas
344 312 490 364 domi
523 331 554 364 a
585 311 794 364 maritis
820 330 875 364 se
898 312 1110 366 relictas
1135 312 1376 366 dolentes
1399 314 1667 389 habentur
1688 315 1925 386 Aegiale*

144 388 199 438 et
234 384 524 454 Meliboea,
569 385 632 437 de
679 403 904 455 quarum
942 386 1036 438 illa
1073 386 1232 454 plane
1271 389 1539 441 contraria
1575 393 1798 442 narrant
1833 390 1914 442 fa-

143 459 324 524 bulae,
371 458 504 511 haec
548 459 705 512 nobis
755 462 896 512 certe
941 459 1130 529 ignota
1158 462 1264 514 est.
1339 461 1488 514 uides
1536 462 1662 531 quid
1700 463 1779 514 rei
1819 463 1915 518 sit:

143 550 290 585 mera
336 533 560 585 nomina
606 532 788 600 posuit
834 535 994 601 poeta
1039 533 1449 603 nominibusque
1488 535 1764 603 imponere
1804 539 1914 588 stu-

143 606 272 659 duit.
350 608 443 658 aut
489 624 609 658 cum
654 605 951 658 Domitiani
997 624 1191 676 equum
1246 625 1366 660 cum
1412 607 1645 662 Troiano
1701 627 1933 678 compar.

141 697 270 732 rans
307 678 335 733 I
378 680 424 749 1,
467 680 527 732 11
574 697 686 748 sqq.
728 680 1001 733 scriberet:
1926 684 1933 708 ²

143 134 259 163 xvm
717 117 998 164 EDITORIS
1028 119 1386 165 PRAEFATIO.
1424 151 1442 176 .-

380 825 514 869 Hunc
544 838 694 881 neque
726 824 930 869 discissis
964 825 1192 882 cepissent
1220 826 1448 883 Pergama
1477 827 1634 883 muris,

378 884 477 928 Nec
506 897 647 940 grege
677 884 906 940 permixto
937 885 1070 941 pueri
1099 884 1415 942 innuptaeque
1445 886 1653 943 puellae,

380 944 486 1000 Ipse
518 957 603 987 nec
634 942 813 987 Aeneas
845 956 930 987 nec
962 957 1156 1000 magnus
1188 944 1377 989 duceret
1405 944 1590 1000 Hector,

145 1149 344 1202 dudum
375 1150 515 1202 inter
537 1153 779 1203 mortuos
809 1150 976 1202 fuisse
989 1147 1060 1220 ³¹⁶).
1108 1151 1226 1204 aliis
1253 1171 1463 1222 quoque
1497 1154 1752 1208 siluarum
1784 1157 1915 1212 loeis

144 1224 343 1291 multiS,
384 1223 477 1275 ubi
502 1223 660 1275 alt-ius
685 1223 1087 1292 introspicimus
1111 1242 1282 1294 neque
1306 1227 1592 1280 uerborum
1615 1247 1714 1281 nos
1740 1231 1917 1286 sonitu

145 1297 367 1349 deleniri
418 1298 677 1366 patimur,
728 1300 991 1366 apparatu
1044 1298 1137 1351 illo
1192 1299 1556 1370 mythologico
1610 1320 1719 1354 non
1772 1307 1915 1358 recte

146 1370 385 1422 adhibito
433 1370 768 1439 offendimur,
815 1370 1323 1441 offendebanturque
1372 1373 1485 1425 sine
1525 1374 1685 1427 dubio
1726 1393 1788 1428 ex
1826 1396 1915 1429 ue·

144 1443 345 1496 teribus
385 1444 556 1496 multi.
617 1444 748 1495 haec
786 1443 954 1513 igitur
991 1445 1259 1512 patienter
1313 1445 1534 1499 ferenda
1573 1452 1699 1500 sunt
1738 1454 1791 1501 et
1830 1468 1914 1503 ex-

146 1516 380 1570 cusanda
405 1534 468 1568 ex
500 1517 605 1568 ista
631 1517 895 1569 scribendi
919 1518 1204 1570 celeritate.
1261 1518 1548 1588 eademque
1572 1522 1917 1592 neglegentia

144 1590 202 1642 in
240 1590 358 1642 aliis
398 1607 606 1658 quoque
643 1590 801 1642 rebus
812 1632 825 1659 ,
870 1591 1098 1643 maxime
1147 1609 1280 1660 quae
1322 1593 1389 1645 ad
1437 1594 1734 1647 carminum
1774 1614 1914 1650 com-

145 1663 468 1732 positionem
508 1663 756 1730 attinent,
795 1663 1044 1716 cernitur.

291 1735 637 1789 Peruenimus
677 1736 744 1788 ad
783 1736 990 1789 dicendi
1029 1753 1214 1806 genus.
1275 1741 1392 1790 erat
1432 1737 1636 1793 Statius
1678 1760 1915 1797 summus

145 1828 398 1863 uersuum
445 1809 810 1862 faciendorum
857 1809 1062 1863 artifex.
1139 1829 1201 1863 ex
1248 1811 1461 1864 assidua
1506 1814 1734 1867 lectione
1780 1814 1915 1885 (fere

147 1901 332 1937 omnes
392 1901 525 1952 quos
588 1883 799 1951 quidem
854 1883 1103 1936 nouimus
1162 1887 1351 1953 poetas
1404 1885 1679 1940 Romanos
1740 1891 1914 1959 magis

145 1957 390 2010 minusue
444 1959 630 2025 aperta
682 1956 979 2009 imitatione
1027 1956 1308 2028 expressit)
1347 1958 1491 2011 bona
1537 1963 1590 2012 et
1634 1961 1813 2014 indole
1861 1966 1916 2016 et

146 2030 403 2083 memoria
434 2030 644 2082 adiutus
683 2029 738 2081 id
776 2029 1057 2082 adsecutus
1097 2034 1215 2083 erat
1245 2034 1306 2083 ut
1335 2033 1483 2084 nullo
1502 2034 1697 2086 -labore
1728 2054 1914 2090 uersus

146 2104 391 2156 funderet
436 2105 602 2172 utque
648 2102 906 2156 dictiones
951 2103 1190 2172 poeticas
1237 2122 1269 2156 a
1313 2106 1580 2173 prioribus
1626 2113 1914 2177 usurpatas

147 2195 259 2230 non
298 2180 576 2245 tamquam
616 2194 814 2244 seruus,
854 2176 946 2229 sed
984 2179 1045 2229 ut
1081 2195 1174 2229 rex
1213 2180 1371 2247 atque
1411 2178 1659 2233 dominus
1697 2182 1754 2233 in
1791 2201 1913 2250 pro-

145 2250 323 2320 prium
378 2249 655 2302 adhiberet
707 2268 877 2302 usum.
961 2250 1053 2301 sed
1107 2268 1226 2303 cum
1279 2251 1338 2303 in
1385 2251 1660 2305 Thebaide
1713 2257 1913 2322 partim

148 2324 301 2394 quasi
342 2323 610 2392 quoddam
643 2325 910 2375 certamen
942 2323 1103 2375 iniret
1141 2341 1261 2375 cum
1300 2325 1657 2378 anterioribus
1696 2328 1912 2381 horum-

147 2415 248 2467 que
294 2396 438 2449 dicta
482 2396 675 2448 callide
722 2399 776 2447 et
815 2396 1098 2449 artificiose
1136 2397 1459 2465 imitaretur,
1504 2399 1701 2466 partim
1740 2419 1912 2456 nouas

145 2470 462 2540 procuderet
507 2469 784 2538 dictiones,
831 2471 1016 2521 contra
1062 2469 1120 2520 in
1167 2470 1318 2522 siluis
1364 2472 1538 2540 magis
1584 2473 1741 2526 tritas
1789 2475 1914 2528 iniit

264 2701 305 2757 *)
337 2700 543 2757 procliue
568 2701 638 2744 est
661 2700 1066 2746 emendatiuncula
1090 2700 1250 2758 aliqua
1272 2700 1387 2745 talia
1410 2701 1595 2759 tollere3
1627 2705 1773 2749 ueluti
1796 2705 1913 2753 mihi

147 2759 397 2817 aliquando
427 2759 477 2803 in
507 2760 710 2804 mentem
742 2759 871 2804 uenit
900 2760 1083 2805 Actoris
1115 2774 1282 2804 nomen
1311 2773 1546 2818 reponere.
1611 2763 1690 2807 sed
1722 2763 1809 2809 hoc
1842 2765 1915 2812 est

146 2820 300 2877 ipsum
331 2818 558 2875 corrigere
588 2820 787 2875 poetam.
