1976 3126
694 168 1036 216 THEBAIDOS
1067 168 1176 214 LIB.
1210 167 1287 214 1x.
1732 168 1839 221 257

150 291 296 348 Rore
337 292 435 347 sub
474 291 615 361 Εοο,
653 295 921 362 notasque
961 298 1033 344 ex·
1062 290 1250 344 ordine
1290 290 1454 345 silvas
1755 302 1842 343 605

150 366 227 423 Et
265 384 519 438 quercum
559 366 750 437 gavisa
788 366 952 420 videt.
1028 364 1176 419 Tunc
1215 365 1406 419 limina
1445 364 1601 418 divae

152 441 388 496 Adstitit
426 443 481 495 et
517 441 616 495 tali
654 441 982 511 nequiquam
1021 457 1150 494 voce
1189 443 1462 510 precatur:

154 514 357 585 ‘Virgo
395 518 590 585 potens
628 533 939 583 nemorum,
977 514 1126 567 cuius
1166 532 1275 567 non
1316 514 1505 567 mollia
1544 514 1703 583 signa

155 588 517 661 Militiamque
555 593 764 644 trucem
805 606 991 643 sexum
1031 587 1317 658 indignata
1355 588 1643 658 frequento

153 662 308 718 More
346 662 484 717 nihil
524 662 713 734 Graio,
751 681 848 717 nec
887 666 943 716 te
983 678 1117 732 gens
1159 680 1354 731 aspera
1391 662 1501 715 ritu
1760 674 1846 714 610

156 735 375 793 Colchis
414 737 815 792 Amazoniaeve
854 737 1029 807 magis
1070 736 1283 790 coluere
1323 740 1594 790 catervae:

156 809 215 866 Si
253 810 388 866 mihi
425 830 536 866 non
575 830 832 883 umquam
871 811 1039 865 thiasi
1077 810 1301 865 ludusve
1340 814 1625 881 protervae

155 884 348 942 Noctis
390 889 466 956 et,
504 886 679 941 inviso
720 886 965 956 quamvis
1005 888 1270 939 temerata
1309 885 1496 954 cubili,

157 957 285 1014 Non
322 961 507 1014 tamen
545 962 640 1014 aut
676 963 878 1015 teretes
919 959 1140 1030 thyrsos
1183 963 1276 1013 aut
1316 959 1504 1013 mollia
1543 958 1688 1029 gessi

155 1033 355 1105 Pensa,
395 1034 490 1088 sed
526 1034 585 1088 in
621 1034 832 1088 tetricis
874 1037 928 1087 et
965 1037 1093 1103 post
1131 1034 1360 1088 conubia
1398 1033 1614 1102 lustris,
1765 1045 1850 1086 615

160 1105 248 1163 Sic
287 1125 499 1179 quoque
538 1109 782 1163 venatrix
823 1109 1108 1178 animoque
1148 1108 1376 1178 innupta
1414 1107 1649 1161 remansi

184 1181 237 1236 N
240 1200 300 1237 ec
337 1182 475 1237 mihi
514 1183 734 1237 secretis
774 1184 988 1252 culpam
1028 1182 1301 1237 occultare
1340 1182 1439 1235 sub
1481 1181 1653 1236 antris

211 1275 328 1326 ura,
370 1257 463 1311 sed
501 1257 716 1311 ostendi
753 1258 962 1327 prolem
994 1258 1257 1327 posuique
1297 1259 1620 1310 trementem

160 1330 308 1384 Ante
347 1333 472 1385 tuos
513 1331 760 1386 confessa
799 1331 988 1401 pedes3
1026 1350 1125 1385 nec
1165 1331 1400 1402 degener
1438 1331 1527 1384 ille

163 1403 454 1476 Sanguinis
493 1406 655 1476 inque
696 1424 845 1459 meos
884 1406 1121 1476 reptavit
1158 1405 1407 1475 protinus
1448 1401 1653 1475 arcus)·
1769 1416 1857 1458 620

166 1478 322 1546 [Tela
357 1497 491 1550 puer
530 1480 770 1534 lacrimis
811 1484 865 1534 et
903 1480 1081 1550 prima
1120 1497 1249 1533 voce
1288 1478 1560 1549 poposcit]

163 1553 322 1608 Hunc
353 1553 491 1607 mihi
515 1550 668 1626 (quid
690 1554 932 1623 trepidae
956 1557 1142 1608 noctes
1168 1571 1496 1622 somnusque
1521 1550 1859 1622 minantur?)

69 1689 74 1694 ,
164 1626 347 1699 Hunc,
384 1645 599 1698 precor,
639 1628 829 1682 audaci
869 1629 962 1699 qui
1001 1646 1143 1682 nunc
1183 1628 1249 1682 ad
1289 1627 1501 1698 proelia
1540 1630 1669 1680 voto

70 1752 71 1755 ,
164 1698 287 1756 Heu
324 1702 551 1756 nimium
592 1703 698 1757 sibi
736 1703 869 1756 fisus
909 1703 1048 1773 abit,
1087 1702 1156 1756 da
1195 1702 1366 1756 visere
1406 1702 1539 1756 belli

64 1800 73 1830 -;·
121 1832 125 1835 ,
165 1775 467 1846 Victorem,
505 1777 612 1846 vel,
653 1777 700 1830 si
739 1777 921 1847 ampla
958 1745 1110 1847 peto,
1151 1776 1219 1830 da
1256 1777 1431 1829 visere
1470 1775 1710 1830 tantum!
1773 1787 1860 1829 625

167 1849 274 1903 Hic
313 1849 470 1903 sudet
507 1854 709 1921 tuaque
750 1870 902 1905 arma
940 1851 1105 1905 ferat:
1144 1869 1327 1920 preme
1368 1850 1487 1903 dira
1526 1850 1793 1903 malorum

172 1921 363 1993 Signa3
404 1923 534 1994 quid
571 1924 628 1977 in
667 1925 891 1994 nostriS,
928 1926 1221 1978 nemoralis
1263 1924 1445 1995 Delia,
1485 1924 1638 1977 silvis

170 1997 459 2051 Maenades
498 1997 727 2052 hostiles
767 1998 1130 2069 Thebanaque
1170 2000 1394 2052 numina
1430 1998 1699 2069 regnant?

170 2071 242 2125 Ei
280 2071 436 2125 mihi!
477 2090 570 2126 cur
609 2072 824 2142 penitus
865 2069 1099 2143 (simque
1140 2090 1311 2142 augur
1351 2091 1507 2126 cassa
1547 2070 1790 2144 futuri!),

172 2143 283 2199 Cur
311 2146 527 2215 penitus
561 2163 866 2217 magnoque
890 2147 1219 2216 interpretor
1243 2147 1422 2200 omine
1447 2146 1741 2215 quercum?
1775 2158 1862 2199 630

173 2218 328 2284 Quod
369 2220 415 2273 si
453 2239 580 2274 vera
619 2239 782 2291 sopor
819 2221 1048 2274 miserae
1088 2220 1376 2290 praesagia
1416 2220 1610 2285 mittit,

172 2293 278 2347 Per
314 2297 369 2347 te
409 2298 708 2365 maternOS,
748 2295 900 2349 mitis
941 2294 1237 2365 Dictynna,
1275 2295 1490 2348 labores

295 2429 380 2470 606
412 2425 580 2470 limina
609 2430 642 2468 P
679 2427 738 2481 cf.
773 2427 879 2470 III
907 2430 1004 2472 299
1042 2425 1206 2469 limine
1238 2426 1370 2470 ceteri
1399 2426 1414 2481 ΙΙ
1448 2430 1532 2469 612
1565 2438 1718 2470 versus
1748 2426 1868 2470 deest

176 2485 229 2528 in
259 2487 292 2526 P
313 2485 332 2542 ss
354 2489 440 2530 616
473 2484 722 2540 animoque
753 2490 786 2528 P
818 2487 916 2530 edd.
948 2490 1049 2530 vett
1088 2484 1387 2551 animumque
1419 2488 1507 2527 ΒΗ
1538 2483 1740 2541 innupta
1771 2483 1868 2528 ani-

178 2557 399 2600 mumque
425 2549 451 2587 8
477 2543 751 2600 animosque
774 2545 1086 2590 Baehrensius
1108 2547 1124 2602 ΙΙ
1148 2550 1233 2589 617
1260 2543 1436 2588 crimen
1452 2548 1486 2587 B
1509 2544 1622 2588 Beh.
1641 2549 1666 2587 1
1695 2544 1871 2587 crinem

177 2615 203 2646 ο
232 2601 343 2648 Beh.
376 2606 408 2648 2
449 2605 520 2661 (in
549 2618 691 2660 mary.
725 2605 870 2649 ads-cr.
911 2603 1114 2660 eulpam)
1153 2606 1169 2661 ΙΙ
1208 2609 1293 2648 618
1331 2602 1514 2660 prolem
1544 2608 1577 2645 P
1617 2602 1678 2646 N.
1714 2602 1870 2647 Faber

178 2663 344 2706 natum
374 2664 538 2719 3811}
562 2667 646 2708 621
679 2676 877 2718 versum,
907 2665 988 2720 qui
1017 2665 1137 2708 deest
1166 2664 1219 2707 in
1250 2676 1342 2707 uno
1372 2667 1426 2717 P,
1468 2664 1601 2707 umcis
1631 2663 1801 2706 inclusi
1831 2666 1874 2707 et

179 2721 587 2778 interpunctione-m
621 2736 722 2767 cum
746 2698 1087 2768 Sandstroemio
1118 2722 1297 2767 correxi
1318 2724 1333 2777 ΙΙ
1358 2727 1444 2766 624
1474 2720 1566 2764 tibi
1597 2721 1726 2765 codd.
1757 2721 1874 2775 edd.²

181 2792 295 2825 corr.
327 2780 638 2826 Baehrensius
660 2783 676 2839 ΙΙ
700 2786 784 2826 625
818 2781 927 2826 Post
956 2783 1078 2826 hunc
1106 2796 1146 2826 v
1180 2782 1233 2824 in
1262 2781 1374 2825 Beh.
1398 2785 1425 2824 1
1458 2784 1710 2837 sequuntur
1740 2781 1871 2825 haec:

185 2835 237 2882 si
265 2851 361 2883 non
391 2838 640 2895 victorem,
681 2839 742 2884 da
770 2841 958 2884 tantum
989 2853 1177 2885 cernere
1209 2839 1386 2884 victum
1408 2841 1423 2895 11
1448 2845 1533 2884 626
1566 2838 1671 2883 dira
1699 2844 1732 2882 P
1764 2837 1875 2883 diva

182 2898 309 2941 381
333 2898 448 2943 dura
474 2899 595 2945 Golb.
620 2901 636 2956 ΙΙ
660 2905 745 2945 628
771 2899 968 2944 Menalis
992 2907 1025 2944 P
1048 2902 1062 2957 ΙΙ
1088 2904 1171 2944 632
1196 2900 1448 2954 mammone,
1474 2899 1535 2943 al.
1559 2913 1616 2943 m.
1642 2913 1860 2956 suprascr

275 2979 416 3014 errn
440 2981 636 3015 Tannus.
1464 2978 1517 3017 17
