1976 3126
206 162 312 215 266
447 229 449 231 r
774 160 824 205 P.
856 160 1083 205 PAPINII
1114 159 1309 205 STATII

204 282 524 367 Strymonos
566 285 620 335 et
659 281 895 365 trepidas
936 282 994 334 in
1031 285 1255 350 pectora
1294 281 1567 335 contrahit
1606 282 1743 335 alas:
1803 295 1887 336 860

207 357 293 410 Sic
331 358 577 410 iuvenem
618 356 764 408 saevi
802 358 1088 424 conspecta
1127 357 1269 408 mole
1308 356 1568 426 Dryantis

206 431 323 484 Iam
361 449 470 483 non
509 430 591 482 ira
631 429 797 498 subit,
839 429 931 482 sed
970 430 1067 482 leti
1104 430 1327 483 nuntius
1367 430 1576 483 horror.

204 505 375 557 Arma
413 508 616 571 tamen,
654 504 857 556 frustra
897 522 1118 573 superos
1158 503 1503 574 Triviamque
1541 506 1810 572 precatUS,

204 578 429 631 Molitur
466 578 675 647 pallens
717 580 771 630 et
811 577 999 630 surdos
1041 578 1255 648 expedit
1293 596 1461 632 arcus.

134 686 137 688 -
203 651 424 722 Iamque
456 653 627 704 instat
658 651 782 704 telis
817 653 872 704 et
903 654 1186 721 utramque
1219 652 1468 722 obliquus
1501 652 1559 704 in
1588 652 1774 704 ulnam
1806 664 1890 705 865

205 724 421 779 Cornua
461 725 729 794 contingit
768 743 1020 778 mucrone
1061 730 1116 779 et
1153 729 1374 794 pectora
1412 744 1603 780 nervo:

202 799 341 853 Cum
381 799 530 852 ducis
570 799 735 852 Aonii
773 816 971 869 magno
1012 800 1121 852 cita
1158 800 1376 854 turbine
1414 799 1594 869 cuspis

203 873 398 926 Fertur
436 874 493 925 in
534 873 815 926 adversum
853 874 1112 943 nervique
1152 873 1374 943 obliqua
1414 874 1597 928 sonori

202 946 398 1001 Vincla
438 951 612 1000 secat:
651 951 879 1016 pereunt
917 947 1057 1001 ictus
1098 948 1452 1018 manibusque
1491 947 1729 1001 remissis
1954 1007 1955 1010 Ἴ

201 1021 361 1074 Vana
401 1022 650 1090 supinato
691 1022 996 1075 ceciderunt
1036 1022 1243 1091 spicula
1282 1041 1464 1076 cornu.
1805 1034 1891 1074 870
1953 1052 1955 1084 5

206 1094 358 1148 Tunc
396 1095 561 1148 miser
601 1098 656 1148 et
693 1096 876 1149 frenos
916 1096 1168 1149 turbatus
1209 1099 1263 1149 et
1301 1115 1452 1150 arma
1490 1096 1723 1163 remisit,

200 1168 459 1222 Vulneris
498 1169 812 1239 impatienS,
850 1170 1024 1222 umeri
1064 1171 1206 1240 quod
1244 1171 1482 1239 tegmine
1522 1169 1696 1223 dextri

202 1242 444 1296 Intrarat
482 1243 802 1313 facilemque
843 1246 1040 1297 cutem:
1083 1244 1228 1298 subit
1268 1245 1439 1298 altera
1478 1244 1656 1313 cuspis

200 1315 625 1386 Cornipedisque
664 1318 852 1388 fugam
894 1319 1100 1371 succiso
1139 1319 1346 1387 poplite
1388 1319 1551 1372 sistit.

199 1390 349 1443 Tunc
375 1391 519 1444 cadit
541 1392 656 1459 ipse
673 1391 851 1461 Dryas
877 1389 1123 1463 (mirum)
1141 1411 1241 1446 nec
1264 1393 1500 1446 vulneris
1525 1409 1778 1462 umquam
1807 1404 1890 1445 875

199 1463 485 1518 Conscius:
526 1466 656 1518 olim
697 1469 884 1519 auctor
922 1467 1018 1519 teli
1058 1485 1358 1537 causaeque
1395 1467 1677 1535 patebunt.

279 1541 354 1591 At
393 1557 525 1607 puer
564 1539 776 1592 infusus
818 1540 979 1593 sociis
1019 1541 1077 1592 in
1115 1540 1272 1594 devia
1312 1542 1488 1609 campi

200 1611 437 1665 Tollitur
478 1610 607 1682 (heu
647 1614 877 1682 simplex
916 1615 1112 1681 aetasl)
1152 1614 1492 1683 moriensque
1524 1615 1797 1667 ‘iacentem

202 1685 397 1738 Flebat
436 1704 651 1755 equum,
695 1687 889 1740 cecidit
927 1688 1110 1740 laxata
1149 1689 1355 1740 casside
1394 1688 1599 1757 vultUS,
1952 1743 1953 1751 ἵ

199 1758 486 1828 Aegraque
524 1778 621 1828 per
661 1760 901 1830 trepidos
942 1761 1152 1830 expirat
1191 1762 1370 1832 gratia
1408 1762 1579 1830 visus,
1805 1775 1891 1816 880
1929 1788 1941 1803 ν

197 1832 274 1885 Et
313 1833 524 1902 prensis
566 1852 827 1887 concussa
866 1835 1034 1888 comis
1073 1838 1156 1887 ter
1195 1836 1333 1889 colla
1373 1839 1668 1904 quaterque
1951 1832 1953 1852 ¹

203 1905 359 1959 Stare
396 1912 627 1977 negant,
665 1908 904 1978 ipsisque
943 1909 1098 1961 nefas
1137 1910 1475 1962 lacrimabile
1516 1909 1741 1979 Thebis,

201 1980 327 2033 Ibat
366 2000 669 2049 purpureus
708 1981 866 2035 niveo
909 1982 972 2035 de
1010 1986 1226 2051 pectore
1269 1984 1505 2053 sanguis.

199 2053 444 2107 Tandem
484 2055 619 2108 haec
658 2055 899 2125 singultu
937 2058 1102 2110 verba-
1141 2057 1407 2111 incidente
1446 2057 1718 2126 profatur:
1935 2102 1944 2107 γ.

198 2127 508 2197 ‘Labimur,
546 2129 588 2194 i,
628 2129 905 2198 miseram,
945 2129 1180 2200 Dorceu,
1222 2131 1396 2184 solare
1433 2134 1728 2200 parentem.
1805 2144 1934 2185 885

197 2201 301 2255 Illa
341 2203 583 2272 quidem,
625 2204 672 2256 si
710 2222 838 2257 vera
875 2204 1056 2257 ferunt
1092 2207 1379 2275 praesagia
1418 2224 1598 2273 curae,
1915 2219 1921 2228 ·’

199 2275 313 2328 Aut
354 2295 542 2329 somno
583 2278 693 2330 iam
732 2277 892 2330 triste
931 2278 1083 2331 nefas
1125 2282 1219 2332 aut
1258 2280 1435 2332 omine
1474 2280 1623 2333 vidit.

200 2349 282 2402 Tu
321 2353 506 2403 tamen
546 2354 664 2404 arte
701 2351 794 2420 pia
831 2352 1100 2422 trepidam
1140 2354 1404 2422 suspende
1443 2353 1639 2422 diuque

199 2423 476 2492 Decipit03
515 2442 623 2477 neu
661 2428 721 2477 tu
763 2425 972 2478 subitus
1011 2444 1143 2479 neve
1185 2445 1335 2479 arma
1373 2428 1581 2480 tenenti

198 2495 453 2566 VeneriS,
494 2500 547 2549 et
585 2499 823 2568 tandem,
864 2518 985 2552 cum
1025 2500 1134 2553 iam
1175 2518 1366 2570 cogere
1404 2501 1587 2570 fateri,
1806 2514 1891 2553 890

1912 1912 1952 1947 Γ.

1910 1945 1951 1985 ἰτ-

1915 1988 1951 2017 m

318 2647 404 2687 865
439 2641 615 2686 oblitus
647 2642 698 2685 in
727 2657 894 2687 urnam
924 2649 957 2687 P
980 2645 995 2700 ΙΙ
1019 2650 1105 2690 870
1137 2645 1363 2700 Vanaque
1397 2644 1563 2702 supino
1587 2651 1619 2688 P
1643 2647 1658 2702 ΙΙ
1682 2650 1766 2690 872
1799 2658 1890 2700 qua

196 2706 286 2744 ΒΜ
313 2701 319 2760 Ι
346 2702 556 2759 tegmine
597 2706 784 2746 1²13er
815 2717 890 2758 pr.
931 2717 987 2747 m.
1028 2705 1241 2760 tegmina
1273 2709 1353 2747 SM
1390 2705 1406 2761 ΙΙ
1447 2709 1531 2749 875
1564 2719 1786 2760 umquam
1816 2707 1892 2746 PB

199 2775 255 2804 m.
285 2775 358 2816 pr.
391 2775 592 2816 usquam
621 2765 654 2803 B
679 2775 735 2806 m.
761 2775 841 2806 sec.
870 2767 950 2804 SM
973 2765 988 2818 ΙΙ
1012 2769 1098 2807 876
1130 2763 1365 2820 patebunt
1387 2769 1420 2806 P
1451 2764 1731 2809 Bernartius
1760 2764 1889 2819 pate-

196 2819 314 2863 bant
352 2822 486 2864 ceteri
532 2819 748 2864 latebant
798 2820 986 2866 Grotius
1017 2823 1031 2878 Η
1063 2826 1148 2866 879
1195 2822 1374 2867 lassata
1412 2828 1444 2864 P
1491 2822 1653 2866 luxata
1693 2828 1719 2865 S
1753 2825 1768 2879 ΙΙ
1803 2826 1886 2866 881

202 2877 377 2933 pressis
408 2884 440 2920 P
