1976 3094
627 109 969 157 THEBAIDOS
1000 110 1111 157 LIB.
1146 110 1220 157 VI.
1659 111 1766 166 175

76 230 359 292 Fulmineo
400 232 478 288 sic
517 231 674 287 dente
715 250 862 303 sues,
902 232 979 287 sic
1018 231 1237 302 hispida
1274 235 1462 302 turpes

75 306 293 364 Proelia
330 306 541 363 villosis
579 306 766 361 ineunt
805 307 1174 376 complexibus
1216 306 1343 361 ursi.

77 381 178 438 Vis
216 381 401 437 eadem
441 379 701 451 Oenidae3
739 399 838 436 nec
877 381 992 435 sole
1033 384 1127 435 aut
1166 381 1386 450 pulvere
1424 379 1566 434 fessa
1680 394 1766 435 845

75 454 323 512 Membra
360 454 573 526 labant,
612 454 755 526 riget
794 458 914 509 arta
953 455 1092 510 cutis
1133 455 1386 524 durisque
1426 454 1676 509 laborum

76 529 361 601 Castigata
399 529 552 584 toris.
627 527 835 584 Contra
871 548 981 583 non
1021 529 1234 601 integer
1274 529 1366 583 ille

75 602 324 660 Flatibus
365 603 590 659 alternis
631 620 901 674 aegroque
941 604 1129 657 effetus
1170 604 1326 657 hiatu

75 678 245 734 Exuit
279 678 521 750 ingestas
559 678 724 732 fluvio
764 678 976 732 sudoris
1016 678 1249 731 harenas

76 753 157 808 Ac
195 753 386 807 furtim
422 756 584 822 rapta
622 755 896 806 sustentat
935 756 1158 822 pectora
1196 757 1355 806 terra.
1676 764 1764 807 850

74 826 253 883 Instat
291 843 462 897 agens
501 826 717 897 Tydeus
755 827 1046 896 fictumque
1085 827 1144 880 in
1183 827 1326 880 colla
1364 826 1600 881 minatus

77 899 251 956 Crura
290 900 459 971 subit3
499 901 704 971 coeptis
743 919 854 955 non
893 902 1139 955 evaluere
1179 900 1341 970 potiri

72 974 388 1031 Frustratae
427 975 692 1030 brevitate
731 994 954 1044 manus,
993 975 1144 1029 venit
1183 975 1382 1028 arduus
1420 975 1513 1028 ille

74 1049 320 1121 Desuper
359 1067 784 1120 oppressumque
823 1050 1060 1120 ingentis
1100 1050 1243 1117 mole
1281 1049 1468 1103 ruinae

77 1121 348 1180 Condidit.
422 1122 575 1179 Haut
614 1123 774 1178 aliter
812 1124 969 1178 collis
1010 1126 1280 1178 scrutator
1319 1123 1510 1176 Hiberi
1677 1136 1762 1178 865

75 1196 213 1254 Cum
252 1198 422 1252 subiit
458 1199 727 1270 longeque
767 1198 908 1253 diem
947 1198 1222 1268 vitamque
1260 1197 1505 1267 reliquit,

75 1270 135 1328 Si
172 1272 399 1327 tremuit
438 1287 730 1343 suspensus
771 1290 900 1343 ager
940 1272 1286 1343 subitumque
1325 1270 1597 1342 fragorem

73 1346 258 1417 Rupta
297 1346 445 1401 dedit
482 1347 668 1417 tellus,
706 1347 844 1401 latet
883 1346 1030 1400 intus
1069 1350 1254 1400 monte
1295 1346 1475 1399 soluto

3 1446 6 1462 ·
74 1419 341 1491 Obrutus,
381 1440 443 1476 ac
482 1421 699 1492 penitus
737 1421 970 1475 fractum
1004 1421 1373 1489 obtritumque
1412 1420 1639 1473 cadaver

44 1504 47 1534 :
77 1494 459 1566 Indignantem
499 1496 734 1550 animam
772 1496 1008 1565 propriis
1046 1513 1156 1549 non
1193 1494 1427 1548 reddidit
1466 1494 1645 1548 astris.
1677 1507 1765 1549 860

75 1570 267 1624 Acrior
303 1569 408 1624 hoc
447 1569 685 1640 Tydeus,
725 1570 1026 1639 animisque
1066 1572 1122 1622 et
1157 1572 1377 1638 pectore
1417 1587 1581 1638 supra
1619 1571 1719 1623 est.

72 1641 187 1699 Nec
225 1662 400 1715 mora,
439 1662 561 1699 cum
598 1644 790 1698 vinclis
832 1644 1087 1714 onerique
1128 1644 1346 1713 elapsus
1385 1643 1573 1712 iniquo

72 1715 276 1781 Circuit
315 1722 586 1774 errantem
626 1721 682 1773 et
719 1725 876 1790 tergo
915 1718 1210 1788 necopinus
1250 1717 1524 1787 inhaeret,

72 1787 200 1861 Mox
239 1793 384 1847 latus
425 1795 482 1847 et
518 1792 676 1847 firmo
717 1794 856 1847 celer
894 1793 1143 1862 implicat
1182 1793 1278 1846 ilia
1316 1810 1481 1861 nexu,

44 1860 381 1936 ⁴Poplitibus
422 1883 599 1936 genua
635 1867 760 1920 inde
798 1885 1050 1937 premens
1090 1866 1314 1920 evadere
1352 1866 1523 1919 nodos
1675 1878 1762 1920 865

47 1936 416 2011 Nequiquam
457 1944 514 1995 et
549 1941 709 1995 lateri
747 1941 994 1995 dextram
1032 1942 1296 1994 insertare
1334 1944 1621 2010 parantem

47 2007 384 2086 ‘Improbum
421 2015 749 2069 horrendum
787 2016 909 2068 visu
952 2033 1015 2068 ac
1054 2015 1304 2068 mirabile
1343 2014 1553 2083 pondus
1562 2056 1576 2083 ,

65 2084 321 2154 Sustulit.
394 2087 675 2144 Herculeis
714 2107 960 2158 pressum
1000 2089 1078 2142 sic
1115 2088 1261 2141 fama
1299 2088 1515 2142 lacertis

67 2159 429 2233 Terrigenam
469 2163 687 2217 sudasse
726 2162 926 2233 Libyn,
964 2181 1086 2217 cum
1123 2162 1310 2216 fraude
1347 2165 1564 2232 reperta

68 2233 284 2307 Raptus
322 2238 380 2291 in
418 2237 709 2307 excelsum,
746 2255 844 2291 nec
883 2237 994 2291 iam
1035 2255 1156 2306 spes
1196 2237 1309 2290 ulla
1349 2236 1595 2305 cadendi,
1673 2250 1759 2292 870

66 2304 124 2370 ’Ν
126 2329 186 2364 ec
223 2311 353 2366 licet
391 2314 630 2365 extrema
667 2314 898 2365 matrem
937 2312 1251 2384 contingere
1290 2311 1495 2381 planta.

68 2381 160 2441 Fit
199 2403 384 2456 sonae,
425 2388 479 2439 et
517 2381 690 2440 laetos
731 2386 992 2440 attollunt
1031 2386 1253 2455 agmina
1290 2386 1529 2455 plausus.

69 2454 220 2527 ¹{lunc
259 2460 371 2514 alte
410 2460 614 2514 librans
655 2460 937 2530 inopinum
977 2463 1172 2531 sponte
1211 2460 1426 2513 remisit

66 2528 472 2604 Obliquumque
512 2534 682 2604 dedit,
719 2535 1271 2604 procumbentemque
1312 2538 1526 2587 secutus

70 2625 425 2658 rra——

85 2685 98 2704 κ
188 2668 276 2712 848
306 2664 551 2714 Fulmineo
581 2669 649 2709 Pb
681 2664 808 2712 Dan.
838 2665 1072 2710 Fulminei
1101 2663 1403 2721 1302111845
1435 2663 1548 2708 fessi
1578 2670 1611 2708 P
1633 2666 1649 2722 [ι
1673 2668 1759 2710 851

71 2705 322 2781 flebamus
361 2729 519 2771 PBrw
556 2724 794 2781 ictumque
833 2730 878 2769 Π
907 2728 924 2783 ιι
958 2729 1046 2771 854
1083 2738 1213 2769 more
1250 2723 1414 2768 ruinae
1456 2723 1717 2770 Gronovius
1744 2724 1762 2783 Η

73 2772 160 2831 862
197 2782 415 2834 Concidit
451 2790 484 2828 Ρ
513 2787 530 2842 ιι
562 2789 646 2834 857
689 2783 765 2830 Sic
803 2789 836 2829 r
866 2787 874 2843 ι
912 2790 999 2831 859
1041 2783 1360 2840 obtritumque
1391 2788 1550 2839 Pers
1586 2797 1668 2830 sec.
1701 2798 1761 2829 m.

72 2839 415 2902 obductumque
451 2844 648 2889 nmen
676 2846 693 2903 ιι
723 2849 809 2891 861
886 2858 942 2890 ao
973 2844 1103 2903 prior
1133 2849 1166 2886 P
1196 2846 1211 2902 ιι
1243 2849 1329 2890 863
1369 2842 1596 2889 circumit
1625 2848 1760 2887 rste
