1976 3094
609 164 951 212 THEBAIDOS
982 163 1095 212 LIB.
1128 163 1249 210 VIII.
1678 162 1787 218 223

99 286 258 344 Nunc
295 287 518 359 premit,
559 305 620 342 ac
658 287 865 342 vicibus
905 286 1155 340 tellurem
1195 286 1403 340 amittit
1441 290 1497 341 et
1535 288 1725 342 aufert.

98 361 177 418 Ut
214 362 390 418 ventis
428 362 734 433 nimbisque
773 362 957 415 minax
997 378 1118 414 cum
1157 361 1321 414 solvit
1358 360 1599 415 habenas

97 435 343 508 Iuppiter
382 436 700 506 alternoque
741 435 953 506 adfligit
989 435 1208 489 turbine
1247 434 1534 489 mundum:

99 508 221 565 Stat
259 510 395 567 caeli
434 510 647 565 diversa
686 511 854 581 acies,
890 527 1034 563 nunc
1072 509 1266 563 fortior
1303 508 1518 580 Austri,
1698 520 1784 563 425

95 583 253 639 Nunc
291 583 582 654 Aquilonis
621 584 818 654 hiems,
857 584 1025 637 donec
1063 587 1342 653 pugnante
1381 585 1624 655 procella

96 658 212 714 Aut
248 658 432 713 nimiis
470 658 560 713 hic
597 658 730 712 vicit
769 658 946 728 aquis,
985 661 1081 711 aut
1120 658 1214 711 ille
1255 675 1459 711 serene.

169 731 504 802 Principium
541 749 759 803 pugnae
799 736 1008 786 turmas
1048 732 1286 801 Asopius
1326 731 1584 802 Hypseus

95 804 349 861 Oebalias
389 804 646 877 (namque
684 806 789 861 hae
826 823 1084 877 magnum
1125 809 1180 858 et
1219 806 1422 877 gentile
1461 810 1735 861 tumentes

28 914 29 918 =
93 878 395 935 Euboicum
434 880 582 935 duris
620 883 882 950 rumpunt
918 881 1244 934 umbonibus
1285 879 1504 953 agmen)
1697 893 1786 935 430

93 952 353 1026 Reppulit
391 957 577 1024 erepto
617 955 774 1009 cunei
813 954 1033 1008 ductore
1072 954 1335 1009 Menalca.

93 1026 198 1082 Hic
238 1032 292 1083 et
330 1031 512 1083 mente
548 1028 756 1095 Lacon,
795 1029 944 1082 crudi
982 1028 1241 1084 torrentis
1282 1029 1531 1082 alumnus

92 1099 230 1172 (Nec
268 1102 515 1173 turpavit
554 1100 729 1174 avos),
768 1102 985 1156 hastam
1023 1103 1168 1156 ultra
1206 1107 1395 1173 pectus
1435 1106 1679 1173 euntem,

92 1174 177 1230 Ne
215 1176 388 1247 pudor
428 1177 486 1230 in
523 1179 707 1247 tergo,
746 1196 842 1247 per
881 1180 936 1231 et
975 1195 1102 1230 ossa
1141 1181 1196 1230 et
1234 1178 1444 1231 viscera
1482 1180 1627 1231 retro

91 1249 352 1305 Extrahit
389 1254 552 1321 atque
591 1250 739 1305 hosti
777 1251 965 1304 dextra
1003 1251 1222 1306 labente
1261 1251 1494 1305 remittit
1694 1264 1781 1304 435

94 1322 480 1396 Sanguineam:
523 1324 720 1380 dilecta
759 1325 914 1395 genis
954 1325 1237 1379 morientis
1278 1326 1538 1379 oberrant

92 1397 337 1470 Taygeta
376 1403 431 1454 et
467 1416 684 1471 pugnae
722 1399 1050 1469 laudataque
1089 1402 1311 1469 pectora
1349 1400 1528 1452 matri.

90 1470 425 1527 Phaedimon
462 1472 678 1527 Iasiden
717 1492 844 1527 arcu
883 1473 1144 1527 Dircaeus
1185 1474 1454 1542 Amyntas

90 1544 368 1601 Destinat:
407 1546 514 1600 heu
553 1548 752 1601 celeres
792 1546 1017 1601 Parcae!
1057 1548 1167 1601 iam
1205 1547 1441 1618 palpitat
1480 1548 1624 1601 arvis

91 1618 445 1691 PhaedimuS‚
478 1623 533 1674 et
563 1622 697 1675 certi
729 1622 970 1675 nondum
1002 1626 1150 1675 tacet
1180 1639 1336 1675 arcus
1369 1621 1652 1691 Amyntae.
1692 1635 1779 1675 440

92 1694 342 1749 Abstulit
379 1713 444 1749 ex
482 1713 669 1749 umero
711 1695 956 1749 dextram
997 1695 1329 1765 Calydonius
1369 1696 1582 1765 Agreus

90 1766 365 1840 Phegeos:
402 1769 498 1823 illa
535 1788 694 1823 suum
732 1773 880 1824 terra
912 1773 1064 1823 tenet
1103 1770 1354 1839 improba
1392 1770 1594 1823 sermm

89 1840 166 1894 Et
204 1844 409 1910 movet3
451 1843 702 1897 extimuit
741 1862 930 1914 sparsa
968 1845 1111 1897 inter
1147 1845 1261 1898 tela
1299 1845 1566 1898 iacentem

91 1914 478 1986 Praegrediens
515 1920 867 1987 truncamque
897 1921 1083 1971 tamen
1120 1919 1390 1988 percussit
1430 1918 1677 1972 Acoetes.

91 1988 255 2057 Iphin
279 1992 435 2044 atrox
459 1989 710 2059 Acamas„
741 1990 954 2062 Argum
978 1992 1126 2046 ferus
1150 1993 1369 2062 impulit
1391 1992 1660 2062 HypseuS‚
1691 2006 1779 2045 445

91 2061 298 2117 Stravit
334 2062 558 2118 Abanta
594 2063 795 2118 Pheres
806 2107 820 2135 ,
858 2066 1175 2135 diversaque
1215 2067 1439 2119 vulnera
1476 2067 1669 2120 fientes

208 2228 309 2268 440.
346 2224 566 2269 ‘necdum
597 2224 713 2269 certi
745 2226 778 2269 t.
813 2238 852 2269 a.
886 2224 1135 2281 Amyntae’
1172 2224 1320 2270 Serv.
1354 2225 1415 2269 ad
1446 2225 1559 2270 Aen.
1585 2225 1649 2269 XI
1679 2230 1781 2271 864.

208 2363 295 2402 424
326 2359 609 2414 aeternoque
646 2357 813 2416 adfigit
842 2363 875 2402 P
908 2359 1183 2414 alternoque
1218 2357 1391 2416 affligit
1421 2364 1544 2402 (ΠΒ
1574 2359 1716 2417 Pray.
1748 2361 1782 2404 2

12 2442 15 2446 -
87 2420 120 2460 1.
152 2415 429 2474 adfligitque
459 2418 529 2463 vel
559 2416 823 2475 affligitque
855 2417 1038 2462 alterno
1061 2422 1095 2461 B
1109 2423 1190 2461 ΒΗ
1212 2419 1227 2475 ΙΙ
1251 2422 1337 2462 431
1361 2418 1574 2463 menalce
1597 2423 1630 2461 P
1652 2420 1669 2476 u
1690 2422 1778 2463 433

88 2474 214 2521 ultra
243 2480 362 2521 PM·
391 2476 616 2522 Heinsius
654 2476 781 2521 intra
810 2481 935 2520 1381
971 2478 988 2534 ΙΙ
1026 2481 1114 2522 434
1144 2476 1243 2522 Nec
1273 2483 1306 2520 P
1344 2479 1361 2534 ΙΙ
1398 2483 1484 2523 437
1524 2479 1717 2536 pectora
1747 2481 1780 2519 P

13 2546 19 2551 ·
87 2537 279 2592 pectore
302 2540 339 2579 G
367 2535 565 2582 verbera
588 2539 716 2580 Bsn
745 2538 878 2582 schol.
910 2536 1119 2593 verbera,
1152 2538 1221 2582 αῖ.»
1242 2552 1299 2583 m.
1323 2551 1554 2594 suprascr.
1586 2539 1781 2594 pectora

88 2593 216 2641 Leia.
248 2594 444 2640 vulnera
473 2596 584 2641 Beh.
610 2596 626 2652 ΙΙ
649 2600 735 2640 438
766 2595 1023 2641 Phaedimo
1061 2595 1227 2640 asiden
1257 2601 1290 2639 P
1318 2599 1324 2653 Ι
1353 2595 1567 2641 dictaeus
1598 2602 1631 2639 P
1653 2598 1669 2652 n
1692 2600 1780 2639 440

89 2653 287 2699 necdum
317 2654 434 2699 certi
457 2655 580 2701 Serv.
605 2655 621 2712 ΙΙ
645 2659 732 2699 442
759 2670 893 2700 suum
918 2655 1094 2710 dextra,
1120 2657 1181 2702 al.
1205 2670 1261 2700 m.
1287 2669 1517 2713 suprascr.
1545 2657 1693 2700 duruo
1718 2659 1751 2697 P
1767 2655 1779 2709 3}

91 2717 178 2758 444
206 2711 519 2771 Progrediens
542 2719 588 2758 u
612 2715 710 2760 edd.
735 2714 751 2772 ΙΙ
775 2718 861 2760 445
894 2728 1082 2759 acamas
1105 2719 1218 2759 PBb
1244 2714 1465 2760 achamas
1491 2721 1622 2770 sagr
1645 2714 1778 2758 Leid.

93 2771 307 2819 athamas
339 2778 384 2818 Π
426 2773 655 2819 achantas
694 2778 734 2817 B.
771 2774 787 2830 11
824 2779 911 2820 446
950 2773 1104 2819 ferens
1144 2779 1177 2817 P
1215 2774 1335 2818 feres
1374 2778 1497 2817 1301·
1532 2774 1705 2830 phares
1735 2775 1779 2814 Η

91 2842 215 2876 mes
245 2846 270 2876 ο
297 2835 315 2890 ΙΙ
348 2833 462 2879 Post
499 2848 540 2879 v.
572 2837 664 2878 446
695 2848 727 2879 a
761 2833 866 2879 Gal.
903 2833 1097 2879 (lamro
1136 2835 1312 2878 inlatus
1342 2834 1572 2892 leqebatm·
1604 2845 1779 2878 versus:

88 2886 261 2935 Guttmr
274 2891 416 2950 Iphis,
441 2892 567 2937 latus
583 2891 751 2950 Argus,
777 2892 903 2938 Abas
927 2893 978 2938 in
1000 2892 1155 2938 fronte
1174 2907 1398 2949 cruorem,
1415 2907 1542 2950 quem
1559 2892 1777 2950 eaepunaei.
1833 2928 1836 2929 γ
