1976 3094
636 170 978 219 THEBAIDOS
1010 170 1121 217 LIB.
1152 170 1231 216 111.
1713 171 1782 225 67

30 295 31 303 ’
106 291 433 364 Suppliciter
469 310 698 364 posuere
737 294 909 349 iubas.
984 292 1135 347 Tunc
1173 295 1397 363 pectora
1435 310 1646 347 summo
1700 306 1787 348 265

100 367 384 423 Acclinata
421 366 549 439 iugo
588 368 907 438 vultumque
947 367 1170 438 obliqua
1208 366 1516 421 madentem

29 430 31 451 ⁴
93 441 295 513 Incipit
335 441 566 515 (interea
605 441 854 496 dominae
894 442 1128 512 vestigia
1166 442 1318 494 iuxta

95 514 131 571 S
172 519 450 571 umantem
489 517 651 587 proni
691 516 956 570 mandunt
995 517 1289 570 adamanta
1326 512 1585 587 iugales):

93 588 108 614 ‘
168 590 271 644 ella
309 590 474 645 etiam
511 590 569 644 in
609 590 823 645 Thebas
858 608 1010 645 socer
1050 588 1106 661 (o
1147 589 1511 660 pulcherrima
1551 589 1740 657 bellal)

92 662 215 734 Ipse
253 682 416 734 paras
455 664 703 735 ferroque
742 669 867 719 tuos
907 665 1123 719 abolere
1163 663 1426 734 nepotes?
1697 678 1785 718 270

88 735 206 793 Nec
243 755 413 810 genus
450 736 786 793 Harmoniae
825 757 923 793 nec
962 743 1017 792 te
1058 739 1290 793 conubia
1329 739 1479 791 caelo

90 811 253 867 Festa
275 830 374 867 nec
396 812 499 867 hae
523 814 809 883 quicquam
833 813 1103 883 lacrimae,
1133 812 1436 880 furibunde,
1461 812 1786 868 morantur?

92 884 346 941 Criminis
385 887 520 942 haec
558 887 804 941 merces?
843 888 947 942 hoc
986 888 1133 941 fama
1171 886 1449 958 pudorque
1488 886 1734 955 relictus,

90 958 208 1015 Hoc
247 961 381 1015 mihi
419 961 739 1015 Lemniacae
779 962 843 1015 de
882 965 937 1015 te
977 980 1219 1015 meruere
1260 961 1520 1014 catenae?

89 1033 262 1106 Perge
302 1035 502 1107 libens3
543 1039 600 1090 at
638 1054 747 1090 non
786 1037 973 1090 eadem
1011 1035 1281 1090 Vulcania
1317 1034 1476 1088 nobis
1695 1048 1782 1089 275

92 1107 386 1180 Obsequia,
427 1113 481 1164 et
518 1110 652 1165 laesi
693 1111 858 1165 servit
897 1115 1079 1164 tamen
1119 1111 1199 1164 ira
1238 1109 1442 1162 mariti!

91 1181 257 1237 Illum
298 1200 399 1254 ego
438 1185 712 1255 perpetuis
752 1185 888 1238 mihi
927 1185 1189 1239 desudare
1229 1183 1454 1238 caminis

98 1255 156 1311 Si
194 1257 410 1312 iubeam
449 1259 751 1330 vigilesque
791 1260 942 1329 operi
980 1259 1351 1313 transmittere
1390 1259 1607 1329 noctes,

92 1329 339 1386 Gaudeat
379 1337 706 1403 ornatusque
744 1351 914 1387 novos
954 1334 1165 1404 ipsique
1205 1333 1419 1387 laboret

90 1405 265 1459 Arma
302 1406 430 1477 tibi3
468 1409 554 1461 tu!
586 1438 656 1446 —
691 1408 785 1461 sed
825 1409 1073 1477 scopulos
1115 1411 1170 1460 et
1209 1425 1343 1461 aena
1382 1406 1651 1476 precando
1698 1420 1785 1461 280

89 1478 330 1534 Flectere
371 1481 534 1535 corda
572 1500 727 1551 paro;
770 1483 947 1535 solum
986 1482 1089 1535 hoc
1129 1486 1311 1535 tamen
1352 1481 1531 1548 anxia,
1573 1481 1747 1535 solum

94 1551 376 1628 Obtes-tor,
416 1555 543 1625 quid
582 1575 667 1609 me
708 1556 873 1625 Tyrio
916 1557 1119 1610 sociare
1160 1557 1358 1610 marito

78 1626 415 1699 -Progeniem
455 1648 635 1683 caram
675 1631 1036 1702 infaustisque
1076 1630 1245 1683 dabas
1285 1629 1634 1700 hymenaeis?

91 1699 236 1755 Dum
275 1703 388 1756 fore
426 1705 732 1773 praeclaros
773 1706 939 1758 armis
981 1708 1034 1758 et
1073 1705 1255 1758 vivida
1293 1704 1454 1757 rebus

89 1773 321 1830 Pectora
356 1778 574 1848 vipereo
614 1778 810 1848 Tyrios
850 1780 913 1833 de
955 1779 1217 1850 sanguine
1257 1780 1429 1832 iactas
1696 1792 1782 1833 285

95 1847 507 1921 Demissumque
544 1852 692 1907 Iovis
734 1854 871 1907 serie
911 1872 1097 1924 genus.
1173 1853 1249 1906 A!
1288 1872 1411 1906 mea
1450 1857 1654 1922 quanto

93 1919 340 1977 Sithonia
378 1925 595 1979 mallem
632 1928 911 1996 nupsisset
949 1929 1104 1998 virgo
1146 1929 1244 1981 sub
1287 1928 1454 1981 Arcto

26 2051 29 2078 l
99 1995 274 2049 Trans
314 1996 527 2052 Borean
564 2000 907 2071 Thracasque
946 2005 1085 2056 tuos,
1160 2002 1393 2071 Indigna
1431 2021 1694 2071 parumne

26 2102 28 2136 2
93 2067 447 2140 Fen-tulimus,
487 2074 639 2127 divae
678 2074 903 2127 Veneris
936 2076 1081 2144 quod
1120 2076 1235 2128 filia
1273 2077 1498 2144 longum

25 2172 32 2218 ἰ
90 2142 293 2213 Reptat
331 2149 385 2198 et
423 2146 668 2217 Illyricas
709 2149 905 2202 eiectat
943 2153 1091 2203 virus
1131 2150 1189 2201 in
1227 2150 1463 2202 herbas?
1694 2164 1781 2203 290

23 2338 27 2380 ς
209 2325 309 2364 274.
347 2321 455 2365 ‘hoc
487 2347 542 2355 —
575 2323 786 2367 catenae'
829 2323 1003 2368 schol.
1044 2323 1185 2368 Theb.
1219 2324 1262 2368 V
1302 2329 1358 2369 59
1400 2340 1445 2381 p.
1483 2330 1566 2369 166
1598 2325 1645 2370 L.
1710 2325 1777 2371 Cf.

25 2382 27 2392 '
92 2378 262 2423 schol.
298 2380 501 2425 Lucan.
534 2381 556 2424 I
579 2387 663 2426 301
697 2398 741 2442 p.
767 2387 824 2427 49
850 2382 923 2427 W.
950 2410 1005 2416 —
1031 2389 1116 2428 275
1138 2398 1202 2440 sq.
1240 2385 1311 2428 ‘at
1337 2411 1391 2416 —
1415 2383 1592 2428 mariti'
1630 2385 1775 2431 Serv.

89 2437 149 2482 ad
178 2438 291 2483 Aen.
328 2439 436 2484 VIII
471 2445 572 2485 373.

208 2636 293 2677 266
326 2617 572 2677 ”adantum
607 2637 848 2691 (suprascr.
881 2638 941 2682 αῖ.
975 2652 1030 2682 m.
1064 2640 1086 2681 t
1118 2640 1209 2695 em)
1240 2643 1273 2680 P
1305 2641 1320 2695 ΙΙ
1352 2645 1437 2683 269
1480 2652 1638 2683 socero
1677 2639 1778 2695 pul-

88 2717 321 2765 cherrima
351 2726 383 2766 P
412 2708 726 2779 pulcherrimi?⁴
768 2697 828 2741 al·
860 2711 916 2740 m·
966 2731 992 2769 s
1046 2726 1362 2783 pulcherrime
1407 2728 1587 2783 BG2113
1636 2729 1776 2773 inter-

82 2781 373 2834 punctionem
396 2784 572 2827 mutavi
593 2785 611 2840 ΙΙ
632 2789 715 2828 271
751 2798 898 2842 genus
924 2785 1120 2846 armossjls
1139 2791 1171 2828 P
1195 2787 1209 2842 ΙΙ
1234 2791 1319 2831 272
1344 2786 1491 2831 Pacta
1515 2788 1739 2832 Heinsius
1764 2790 1777 2841 η’

91 2840 176 2883 280
214 2839 267 2882 tu
304 2854 386 2885 om.
419 2846 451 2883 P
483 2843 498 2898 ΙΙ
530 2847 613 2887 281
646 2842 735 2887 hoc
766 2858 850 2890 om.
882 2845 1178 2889 BG2cbr'rH
1208 2849 1223 2902 ΙΙ
1255 2851 1341 2891 286
1372 2845 1639 2891 Demissum
1672 2848 1759 2903 (om

25 2899 28 2951 ξ
92 2898 196 2954 que)
227 2899 407 2955 221290
440 2900 646 2946 deiectat
676 2907 758 2946 PH
790 2904 928 2962 Pray.
964 2910 989 2949 1
1024 2906 1061 2949 δ
1095 2904 1270 2949 eiectat
1298 2906 1494 2949 Bscffl

24 2956 27 3006 ÷
1359 2981 1420 3025 5*

24 2625 28 2712 t

24 2713 28 2813 2
