1988 3106
171 153 272 206 138
767 153 818 198 Ρ.
849 153 1076 197 PAPINII
1108 151 1306 198 STATII

166 273 493 326 Flectentem
523 272 677 325 iustis
718 275 771 324 et
807 272 941 324 talia
979 271 1122 324 dicta
1158 274 1463 340 parantem:

169 347 375 415 ‘Parce‚
413 364 613 414 precor,
653 345 842 398 cineri:
881 345 1055 397 fatum
1092 345 1224 397 illud
1263 347 1317 397 et
1353 345 1435 397 ira
1472 348 1760 399 nocentum

166 420 455 473 Parcarum
495 419 797 487 crimenque
837 418 935 487 dei,
973 418 1222 471 mortalia
1260 419 1498 488 quisquis
1871 431 1926 474 85

166 491 392 547 Pectora
432 510 548 545 sero
586 491 734 543 uidet
769 509 868 544 nec
905 491 1077 560 primo
1116 492 1173 544 in
1209 491 1395 544 limine
1435 492 1576 544 sistit
1944 503 1947 515 ²

168 565 406 620 Conatus
446 566 703 618 scelerum
743 567 901 634 atque
941 565 1147 617 animos
1179 564 1402 617 infanda
1439 567 1706 633 parantes.

165 639 395 692 Excidat
431 639 525 691 illa
565 638 674 690 dies
715 655 862 705 anO,
900 655 998 690 nec
1035 641 1252 706 postera
1291 637 1511 691 credant

169 712 411 766 Saecula!
452 730 553 765 nos
586 714 727 764 certe
764 714 1035 764 taceamus
1075 713 1130 763 et
1161 711 1354 764 obruta
1392 712 1562 764 multa

166 786 336 839 Nocte
374 786 486 855 tegi
522 785 768 853 propriae
798 784 1068 852 patiamur
1105 784 1329 837 crimina
1367 785 1555 854 gentis
1872 799 1927 852 9·

166 859 364 929 Exegit
400 877 616 927 poenas,
654 858 932 910 hominum
970 858 1055 910 cui
1093 875 1221 910 cura
1259 876 1490 927 suorum,

169 933 284 995 Quo
323 933 503 984 Pietas
536 934 751 984 auctore
789 931 928 983 redit
964 933 1242 1000 terrasque
1279 931 1480 1000 reuisit,

166 1006 335 1068 Quem
365 1006 521 1058 timet
550 1022 706 1057 omne
737 1004 903 1057 nefas,
942 1005 1073 1056 satis
1105 1004 1235 1057 haec
1265 1004 1697 1075 lacrimandaque
1728 1005 1883 1059 nobis

167 1079 329 1133 Ultio.
407 1079 536 1147 quin
569 1096 757 1130 saeuas
795 1078 1003 1129 utinam
1044 1095 1260 1130 exorare
1297 1078 1480 1130 liceret
1956 1082 1958 1089 '

166 1152 491 1205 Eumenidas
530 1151 851 1220 timidaeque
892 1153 1130 1203 auertere
1171 1148 1441 1203 Cerberon
1479 1152 1700 1204 umbrae
1873 1165 1962 1206 95·

166 1226 652 1299 Immemoremque
682 1225 790 1276 tuis
829 1224 985 1276 citius
1025 1224 1150 1276 dare
1189 1224 1434 1277 manibus
1475 1224 1720 1278 amnem.'
1955 1227 1971 1245 ‘¹

165 1298 342 1352 Macte
382 1300 577 1367 animo,
615 1298 843 1350 iuuenis!
885 1297 961 1349 sic
999 1299 1245 1350 crescunt
1284 1297 1509 1350 crimina
1548 1299 1750 1352 matris.

166 1372 278 1425 Nee
315 1375 528 1424 tantum
567 1371 752 1439 pietas,
793 1369 884 1423 sed
914 1370 1158 1438 protinus
1199 1370 1364 1423 ardua
1401 1371 1574 1424 uirtus
1604 1365 1607 1368 ’

166 1446 433 1498 Affectata
470 1444 584 1497 tibi.
660 1461 830 1511 nuper
869 1462 989 1496 cum
1027 1444 1167 1496 forte
1207 1443 1404 1497 sodalis
1950 1494 1976 1514 ,Δ

164 1518 450 1572 Inmeritae
488 1517 624 1570 falso
665 1518 891 1585 palleret
928 1516 1146 1569 crimine
1184 1516 1359 1569 famae
1844 1526 1957 1582 10ορ

165 1592 515 1662 Erigeretque
551 1590 728 1643 forum
769 1590 1136 1658 succinctaque
1173 1589 1344 1642 iudice
1384 1590 1553 1644 multo

167 1665 419 1734 Surgeret
457 1666 510 1715 et
548 1666 755 1716 castum
792 1663 1030 1715 uibraret
1067 1661 1103 1715 J
1105 1663 1214 1715 ulia
1252 1663 1478 1716 fulmen:

164 1739 260 1807 Tu,
300 1755 622 1807 quamquam
666 1754 772 1789 non
812 1739 936 1788 ante
974 1736 1150 1789 forum
1188 1736 1439 1805 legesque
1480 1754 1692 1791 seueras

166 1812 381 1880 PassUS,
421 1810 514 1862 sed
552 1810 719 1862 tacita
758 1809 1055 1862 studiorum
1096 1810 1333 1862 occultus
1373 1810 1431 1861 in
1468 1811 1671 1880 umbra,

165 1885 460 1937 Defensare
499 1885 672 1935 metus
714 1883 1042 1952 aduersaque
1079 1883 1187 1935 tela
1226 1883 1419 1935 subisti
1843 1897 1925 1939 105

166 1958 383 2026 Pellere,
420 1957 638 2009 inermis
680 1956 851 2008 adhuc
885 1958 938 2008 et
967 1956 1088 2024 tiro,
1121 1956 1367 2024 pauentis
1401 1956 1572 2010 amici.

166 2030 316 2084 Haut
351 2048 605 2099 umquam
643 2030 777 2082 tales
818 2029 1026 2098 aspexit
1062 2028 1320 2082 Romulus
1360 2047 1528 2083 annos

166 2104 575 2172 Dardaniusque
609 2121 771 2155 senex
810 2102 969 2155 medii
1008 2102 1206 2156 bellare
1245 2104 1436 2171 togata

166 2176 356 2247 Strage
395 2176 512 2230 fori.
575 2179 822 2244 stupuere
861 2178 1041 2245 patres
1080 2175 1381 2228 tentamina
1418 2178 1574 2228 tanta

163 2250 509 2319 Conatusque
547 2251 686 2318 tuos,
725 2248 787 2301 de
825 2251 879 2302 te
916 2266 1037 2302 reus
1077 2249 1192 2318 ipse
1230 2248 1470 2303 timebat.
1845 2260 1928 2304 110

283 2543 337 2583 83
371 2539 640 2583 Flectenten
672 2552 699 2582 a
729 2538 861 2583 iustis
892 2539 1113 2583 Heinsius
1135 2540 1150 2596 ΙΙ
1174 2543 1230 2583 84
1260 2538 1330 2583 ira
1360 2543 1418 2582 A:
1449 2539 1515 2584 ire
1548 2544 1576 2582 0
1606 2541 1622 2596 ss
1657 2543 1711 2585 88
1744 2540 1934 2592 Excitat,

165 2598 250 2642 illa
287 2597 361 2642 die
399 2610 534 2642 saeuo
574 2602 601 2639 0
634 2612 673 2653 a,
712 2610 824 2642 corr.
865 2597 1100 2641 Auantius
1128 2600 1143 2652 ΙΙ
1173 2602 1228 2641 97
1261 2597 1326 2642 sie
1357 2599 1477 2642 edd:
1509 2599 1587 2643 sed
1621 2603 1648 2641 0
1680 2599 1822 2655 21199
1855 2613 1933 2644 so·-

166 2656 293 2701 dales
325 2660 352 2698 0
386 2671 413 2698 a
448 2658 463 2712 ΙΙ
500 2661 584 2700 100
614 2656 813 2712 palleret
841 2660 899 2699 A:
930 2655 1158 2713 pallerent
1190 2660 1217 2697 0
1256 2657 1271 2713 ΙΙ
1312 2660 1394 2700 101
1426 2656 1595 2713 forum]
1629 2658 1753 2701 toros
1784 2657 1929 2701 Hein-

162 2716 286 2768 sius;
317 2719 433 2771 puto
471 2713 813 2771 Colligeretque
851 2714 1000 2758 forum
1029 2717 1045 2770 ΙΙ
1079 2719 1160 2759 108
1201 2714 1519 2759 Dardaniusue
1556 2715 1783 2760 Barthius
1813 2716 1925 2761 Dar-

167 2773 352 2817 daniiue
391 2786 521 2818 senes
555 2774 726 2818 Markl.
757 2775 763 2829 Ι
790 2772 943 2817 media
971 2772 1079 2818 bell.
1118 2773 1268 2829 togati
1309 2772 1430 2817 Pace
1459 2773 1547 2817 fori
1576 2774 1693 2819 idem
1714 2776 1730 2831 ΙΙ
1757 2778 1838 2818 110
1869 2775 1934 2819 de⁴

163 2832 350 2888 scripsi:
380 2845 463 2876 nec
495 2835 523 2873 0
556 2847 583 2874 a
614 2846 696 2888 pro
731 2831 902 2876 Markl.
