1976 3126
187 156 297 210 354
764 154 814 199 P.
847 153 1073 199 PAPINH
1104 154 1299 199 STATII

190 278 471 331 Murorum
509 279 664 346 patet
703 294 860 328 omne
898 276 1044 328 latus
1054 317 1067 343 ,
1106 274 1406 328 munimina
1443 278 1633 344 portae

187 351 524 422 Exposcunt:
564 350 712 418 prior
749 350 926 402 hostis
965 349 1158 419 habet3
1198 349 1425 420 fastigia
1463 349 1677 418 desunt,
1794 362 1876 403 705

187 425 399 480 Deiecit
430 423 738 493 Capaneus3
778 423 1036 493 exanguis
1078 426 1132 477 et
1172 441 1336 494 aegra
1373 424 1622 476 iuventus

188 499 307 553 Iam
346 517 441 551 nec
481 499 803 567 coniugibus
845 515 1098 567 suprema
1135 516 1233 551 nec
1274 498 1457 551 oscula
1494 497 1640 550 natis

187 573 399 643 Iungit,
440 575 493 624 et
533 572 752 625 attoniti
791 572 868 624 nil
908 575 1164 640 optavere
1202 574 1467 641 parentes

265 646 486 700 Atticus
525 647 755 710 interea,
794 646 952 698 iubar
989 650 1052 699 ut
1090 646 1382 699 clarescere
1420 645 1595 715 ruptis

192 720 442 774 Nubibus
484 723 538 773 et
579 721 749 773 solem
788 719 978 789 primis
1019 720 1232 789 aspexit
1269 719 1326 772 in
1366 720 1554 787 3111118,
1795 733 1878 774 710

189 795 392 849 Desilit
430 794 486 847 in
528 813 799 863 campum,
839 795 932 863 qui
972 794 1158 847 subter
1195 794 1410 847 moenia
1445 794 1618 846 nudos

190 869 462 922 Adversat
501 887 713 936 manes,
753 868 988 938 dirisque
1025 869 1317 938 vaporibus
1358 885 1580 937 aegrum

189 943 335 997 Aera
373 943 628 1011 pulverea
666 943 880 1011 penitus
921 942 1021 995 sub
1061 943 1268 996 casside
1309 942 1508 996 ducens

187 1017 426 1087 Ingemit
466 1019 521 1069 et
560 1018 733 1069 iustas
771 1016 903 1069 belli
942 1016 1251 1069 flammatur
1288 1017 1347 1070 in
1385 1017 1509 1070 iras,

189 1091 348 1144 Hunc
389 1091 582 1144 saltem
623 1090 835 1144 miseris
876 1090 1067 1144 ductor
1104 1090 1396 1145 Thebanus
1434 1090 1695 1143 honorem
1797 1103 1906 1143 715.

190 1165 447 1235 Largitus
487 1164 712 1230 DanaiS‚
756 1165 899 1234 quod
937 1182 1047 1218 non
1086 1183 1248 1234 super
1285 1166 1406 1234 ipsa
1444 1166 1714 1218 iacentum

191 1237 433 1308 Corpora
472 1239 768 1308 belligeras
810 1238 953 1292 acies
992 1237 1333 1308 Martemque
1373 1239 1666 1292 secundum

190 1313 435 1382 Miscuit3
475 1316 534 1366 at
570 1313 748 1366 lacera
787 1331 855 1366 ne
894 1312 1020 1382 quid
1061 1313 1125 1366 de
1164 1316 1348 1384 strage
1385 1313 1647 1367 nefandus

188 1387 465 1455 Perderet,
507 1387 731 1456 eligitur
770 1405 960 1440 saevos
1000 1391 1199 1456 potura
1237 1405 1453 1442 cruores

192 1461 360 1514 Terra
397 1460 562 1514 rudis.
638 1461 861 1531 Iamque
901 1462 1138 1515 alternas
1178 1462 1236 1514 in
1273 1461 1482 1531 proelia
1521 1463 1708 1531 gentes
1797 1473 1880 1513 720
1948 1508 1954 1514 .

194 1535 492 1589 Dissimilis
532 1534 758 1588 Bellona
796 1536 923 1604 ciet3
954 1554 1065 1589 non
1103 1536 1310 1589 clamor
1344 1537 1638 1605 utrimque,

199 1608 325 1662 Non
363 1610 633 1678 utrimque
672 1610 855 1662 tubae:
894 1613 1008 1663 stat
1046 1610 1238 1663 debilis
1278 1610 1451 1663 altera
1487 1609 1657 1679 pubes

196 1682 508 1736 Submissos
550 1701 702 1735 enses
742 1683 1069 1752 nequiquam
1109 1688 1430 1754 amentaque
1469 1684 1673 1736 dextris

170 1755 343 1809 2Laxa
380 1759 590 1825 tenens3
631 1757 827 1810 cedunt
864 1757 1076 1822 tellure,
1120 1758 1388 1827 armisque
1426 1757 1658 1810 reductis

193 1829 488 1883 Ostentant
525 1834 733 1884 veteres
774 1831 1070 1883 etiamnum
1110 1832 1166 1884 in
1207 1832 1472 1901 sanguine
1511 1831 1718 1901 plagas,
1797 1843 1880 1885 725

187 1903 304 1956 Iam
342 1922 440 1957 nec
480 1902 754 1973 Cecropiis
793 1905 936 1957 idem
976 1905 1288 1958 ductoribus
1330 1906 1510 1975 ardor,
1935 1910 1939 1919 “

189 1977 676 2047 Languescuntque
715 1979 894 2031 minae
934 1982 990 2032 et
1026 1979 1198 2032 virtus
1239 1998 1426 2033 secura
1463 1980 1673 2032 residit:

192 2051 497 2105 Ventorum
534 2053 685 2105 velut
722 2053 803 2106 ira
842 2052 1040 2123 minor,
1079 2054 1187 2106 nisi
1226 2053 1362 2107 silva
1399 2054 1637 2107 furentes

189 2125 447 2195 Impedit,
485 2126 770 2196 insanique
810 2130 992 2180 tacent
1031 2128 1144 2180 sine
1183 2128 1343 2182 litore
1381 2128 1592 2181 fluctus,
1926 2187 1932 2190 ,

265 2199 342 2253 Ut
365 2218 491 2253 vero
518 2219 816 2270 aequoreus
842 2219 1095 2270 quercum
1119 2201 1503 2256 Marathonida
1523 2201 1761 2254 Theseus
1796 2215 1879 2255 730
1924 2200 1926 2202 ’

191 2273 429 2343 Extulit,
469 2279 678 2328 erectae
718 2275 870 2328 cuius
911 2276 1141 2330 crudelis
1180 2276 1238 2328 in
1276 2276 1461 2329 hostes
1921 2325 1931 2335 .

189 2347 399 2401 Umbra
438 2348 583 2402 cadit
623 2367 977 2418 campumque
1015 2352 1223 2403 trucem
1260 2350 1352 2403 lux
1392 2350 1630 2418 cuspidis
1661 2350 1878 2418 implet:
1919 2345 1923 2351 ’

311 2482 398 2522 708
432 2478 582 2547 &mu—l
616 2492 842 2534 expavere
882 2479 950 2523 nil
992 2481 1214 2536 optavere
1245 2485 1279 2524 B
1318 2482 1332 2538 ΙΙ
1373 2486 1457 2526 709
1498 2480 1680 2525 interea
1720 2483 1880 2524 contra

187 2557 220 2595 P
269 2554 319 2595 at
366 2553 530 2596 contra
568 2555 701 2597 ceteri
747 2553 926 2596 interea
963 2556 1129 2611 scripsi
1165 2556 1180 2612 ΙΙ
1219 2560 1304 2600 716
1343 2553 1563 2612 Largitus
1593 2560 1625 2597 P
1662 2553 1880 2610 Largitur

190 2640 335 2683 02811
369 2640 588 2700 ssafgitus
614 2645 647 2684 B
680 2644 695 2698 n
729 2646 813 2686 718
853 2643 904 2685 at
933 2647 978 2684 11
1014 2642 1205 2688 Grotius
1238 2644 1322 2687 aut
1350 2648 1451 2687 rso
1481 2644 1609 2688 Leia.
1642 2649 1674 2686 1.
1705 2614 1792 2688 {tut
1822 2640 1877 2684 α’

183 2701 261 2759 sut
290 2704 323 2742 B
357 2701 440 2756 aut
471 2716 502 2754 g
532 2703 584 2744 ut
615 2706 682 2755 pl*
715 2715 769 2744 30
792 2702 934 2745 Behh.
967 2715 1028 2744 an
1059 2701 1217 2746 lacera
1248 2702 1633 2757 Sandstroemius‘,
1671 2705 1752 2759 qui
1773 2705 1878 2759 post

188 2760 315 2802 terra
368 2758 497 2803 rudis
555 2761 610 2815 (v.
662 2762 774 2816 720)
822 2762 1003 2817 siynum
1056 2763 1428 2820 interroyationis
1473 2763 1738 2819 ponendum
1790 2773 1877 2804 esse

189 2823 332 2862 censet
370 2821 385 2875 ΙΙ
427 2823 510 2863 723
545 2832 677 2862 enses
711 2833 793 2864 om.
826 2825 858 2862 P
890 2822 904 2877 ΙΙ
945 2825 1028 2864 727
1060 2821 1226 2865 residit
1256 2825 1332 2864 PB
1363 2821 1538 2865 resedit
1569 2821 1717 2864 G²su
1746 2822 1761 2876 ΙΙ
1792 2824 1874 2864 729

188 2875 345 2920 iacent
375 2879 682 2923 Baehrensius
