1976 3094
650 141 994 189 THEBAIDOS
1027 140 1136 188 LIB.
1169 141 1246 187 VI.
1685 138 1789 195 171

101 267 229 340 Hic,
269 269 533 339 quantum
571 266 759 336 Tityos
800 263 1006 336 Stygiis
1046 265 1341 332 consurgat
1379 262 1447 317 ab
1489 261 1656 333 arvis,

103 341 163 398 Si
199 345 389 397 torvae
426 340 707 413 patiantur
747 358 895 409 aves,
934 341 1089 393 tanta
1127 336 1361 407 undique
1400 335 1590 407 pandit

101 416 471 472 Membrorum
511 415 689 487 spatia
729 418 783 468 et
819 414 991 467 tantis
1030 413 1175 466 ferus
1215 412 1429 466 ossibus
1468 414 1630 464 extat.
1705 422 1791 464 '180

100 491 204 547 Hic
241 490 406 562 paulo
446 493 569 546 ante
609 507 766 560 puer,
807 487 901 542 s'ed
941 487 1085 540 enim
1125 486 1390 540 maturius
1431 503 1562 539 aevo

100 565 312 636 Robur,
352 567 407 619 et
442 565 693 636 ingentes
735 561 965 634 spondet
1004 565 1157 615 tener
1196 560 1432 630 impetus
1473 576 1665 628 annos,

102 640 274 705 Quem
305 638 450 695 vinci
479 639 615 694 haut
648 638 932 709 quisquam
968 654 1128 690 saevo
1161 653 1335 706 neque
1361 634 1626 706 sanguine
1649 632 1793 705 tingi

100 714 286 784 Malit,
325 716 380 768 et
419 716 596 768 erecto
635 712 830 766 timeat
870 710 1181 782 spectacula
1218 713 1365 763 vot0.

176 787 255 843 Ut
295 806 411 842 sese
451 787 722 859 permensi
763 785 934 841 oculis
975 788 1029 839 et
1068 787 1295 854 uterque
1335 783 1573 853 priorem
1706 794 1792 836 ⁷85

101 861 397 934 Speravere
436 863 638 931 locum,
677 879 787 915 non
825 860 1075 931 protinus
1117 859 1200 912 ira
1239 876 1336 911 nec
1375 858 1539 912 ictus:

100 937 364 992 Alternus
404 937 629 1007 paulum
666 936 833 989 timor
872 938 926 987 et
965 933 1234 1003 permixta
1273 932 1444 986 furori

102 1010 367 1080 Consilia,
406 1011 672 1066 inclinant
711 1012 927 1063 tantum
966 1008 1242 1062 contraria
1280 1006 1426 1060 iactu

101 1085 366 1140 Bracchia
405 1089 459 1139 et
498 1085 783 1155 explorant
822 1086 1035 1137 caestus
1075 1082 1442 1150 hebetantque
1483 1078 1723 1133 terendo.

41 1176 76 1219 ·5
107 1160 334 1215 Doctior
372 1159 461 1214 hic
501 1159 681 1213 differt
721 1158 963 1212 animum
1002 1162 1355 1226 metuensque
1394 1154 1564 1208 futuri
1710 1165 1795 1206 740

104 1234 402 1289 Cunctator
440 1234 582 1289 vires
623 1233 922 1302 dispensat:
964 1234 1021 1284 at
1059 1231 1153 1283 ille
1193 1229 1419 1283 nocendi

101 1309 370 1381 Prodigus
409 1309 763 1378 incautusque
804 1306 888 1360 sui
926 1306 1037 1358 ruit
1077 1305 1253 1358 omnis
1295 1307 1349 1356 et
1389 1302 1578 1357 ambas

78 1382 391 1439 *Consumit
431 1384 546 1437 sine
586 1382 708 1454 lege
749 1398 941 1435 manus
983 1383 1146 1450 atque
1185 1378 1349 1431 inrita
1386 1376 1590 1430 frendit

103 1457 397 1530 Insurgens
438 1475 600 1527 seque
639 1456 755 1526 ipse
796 1454 1009 1525 premit.
1088 1451 1193 1506 Sed
1232 1451 1490 1522 providus
1532 1455 1656 1504 astu

41 1548 76 1591 ‘0
105 1532 179 1588 Et
217 1532 398 1603 patria
435 1531 572 1603 vigil
613 1534 728 1584 arte
767 1529 947 1583 Lacon
986 1528 1087 1581 hos
1127 1527 1282 1580 reicit
1321 1526 1482 1595 ictuS,
1710 1538 1796 1579 745

104 1606 222 1661 Hos
262 1609 438 1676 cavet3
476 1605 749 1659 interdum
788 1607 922 1657 nutu
962 1602 1260 1672 capitisque
1301 1600 1453 1654 cit-ati

104 1681 323 1753 Integer
363 1680 648 1751 obsequi0‚
688 1679 938 1732 manibus
978 1695 1120 1731 nunc
1160 1675 1320 1730 obvia
1360 1675 1469 1727 tela

106 1754 438 1825 DiscutienS,
477 1754 651 1807 instat
691 1771 879 1825 gressu
919 1752 1180 1821 vultuque
1220 1749 1445 1803 recedit:

109 1829 279 1899 Saepe
319 1828 482 1882 etiam
520 1827 739 1881 iniustis
779 1827 1055 1881 conlatum
1094 1824 1303 1878 viribus
1343 1823 1559 1877 hostem

42 1917 79 1964 '5
111 1902 189 1972 (Is
228 1902 386 1974 vigor
424 1902 643 1973 ingenio
653 1944 666 1971 ‚
704 1905 862 1955 tanta
902 1898 1235 1971 experientia
1274 1898 1492 1951 dextrae
1534 1896 1639 1967 est)
1713 1910 1799 1952 750

108 1978 268 2032 Ultro
310 1976 484 2030 audax
524 1975 718 2029 animis
756 1975 1030 2044 instatque
1070 1977 1124 2027 et
1163 1973 1455 2026 obumbrat
1495 1975 1550 2024 et
1589 1973 1698 2025 alte

64 2083 66 2085 >
109 2051 330 2105 Adsilit.
405 2049 484 2104 Ut
521 2067 778 2120 praeceps
819 2048 1064 2102 cumulos
1106 2047 1223 2118 agit
1262 2046 1407 2099 unda
1445 2046 1716 2099 minantes

109 2126 175 2179 In
214 2125 466 2196 scopulos
506 2127 560 2177 et
597 2123 773 2178 fracta
811 2122 973 2191 redit,
1014 2121 1090 2174 sic
1128 2120 1222 2173 ille
1260 2119 1531 2173 furentem

111 2198 321 2254 Circuit
359 2215 699 2269 expugnans3
739 2198 885 2251 levat
925 2213 1045 2249 ecce
1085 2195 1282 2264 diuque
1322 2194 1562 2248 minatur

42 2289 84 2347 eo
113 2274 177 2327 In
209 2273 353 2327 latus
386 2273 548 2342 inque
582 2273 788 2341 oculos3
819 2271 976 2324 illum
1007 2269 1185 2341 rigida
1218 2287 1369 2322 arma
1400 2270 1680 2321 caventem
1715 2281 1799 2321 755

75 2486 81 2515 3·
232 2469 317 2509 '728
350 2464 577 2520 quantum
608 2466 682 2505 PB
694 2467 751 2506 ει·
781 2462 892 2506 Beh.
927 2462 1128 2517 quantus
1154 2459 1209 2503 Θ*
1243 2462 1376 2527 <co-rr.
1408 2474 1464 2505 ex
1493 2460 1720 2515 quantum
1750 2463 1804 2503 ut

111 2524 307 2579 videtur)
340 2527 386 2566 u
412 2526 418 2579 Ι
446 2520 592 2578 tityos
624 2519 790 2579 stygiis
814 2525 847 2564 P
879 2522 934 2575 cf.
963 2521 999 2564 I
1019 2525 1109 2565 710
1142 2518 1311 2576 styglis
1342 2517 1489 2576 tityos
1522 2519 1655 2563 ceteri
1677 2521 1692 2573 ΙΙ
1718 2522 1803 2562 ’133

113 2583 196 2627 aut
225 2582 323 2626 PBl
357 2585 363 2638 Ι
398 2595 484 2626 nec
515 2585 559 2624 Μ
590 2582 688 2626 edd.
724 2583 731 2637 Ι
765 2579 922 2637 tingui
952 2584 1020 2622 ΡΒ
1052 2580 1164 2624 Beh.
1197 2582 1230 2624 2
1262 2594 1285 2621 c
1324 2577 1503 2635 tinguit
1533 2593 1556 2620 r
1586 2580 1601 2635 ΙΙ
1634 2581 1721 2621 734
1753 2578 1804 2619 at

113 2643 268 2687 erecto
300 2641 566 2687 Koestlinus
603 2642 619 2697 ΙΙ
658 2645 742 2684 ’129
781 2638 1092 2695 habitantque
1123 2643 1156 2681 P
1193 2640 1210 2695 ΙΙ
1250 2643 1335 2682 740
1373 2635 1522 2681 furori
1552 2651 1608 2681 ex
1639 2650 1678 2680 v.
1713 2639 1804 2680 737

112 2702 291 2759 211741
341 2700 597 2745 Cunctatur
646 2704 678 2742 P
726 2699 982 2745 Cunctatus
1030 2699 1163 2743 ceteri
1209 2698 1465 2743 Cunctator
1503 2708 1616 2741 corr.
1655 2695 1805 2739 Baeh-

112 2761 294 2806 nmn'us
315 2762 332 2819 ΙΙ
355 2765 439 2805 745
471 2758 608 2803 reicit
638 2762 767 2802 PGH
798 2757 911 2802 eicit
934 2758 1092 2801 G²bor
1124 2755 1256 2801 eiicit
1277 2756 1418 2800 Behh.
1451 2755 1591 2799 eiecit
1620 2758 1654 2797 B
1677 2756 1693 2811 ΙΙ
1718 2759 1801 2798 751

114 2816 351 2876 inti-atalae
382 2820 509 2865 codd.
542 2818 780 2874 instatque
811 2819 975 2874 scripsi
1004 2831 1106 2862 cum
1136 2817 1275 2861 Aldd.
1301 2818 1315 2873 ΙΙ
1342 2820 1427 2860 752
1461 2813 1671 2858 cumulos
1703 2812 1807 2870 agit

115 2882 150 2920 P
190 2877 374 2923 cumulo
407 2877 520 2923 salit
551 2879 684 2924 ceteri
715 2880 731 2935 ΙΙ
763 2882 847 2922 755
879 2876 1004 2921 latus
1035 2875 1171 2921 illum
1203 2874 1360 2919 oculos
1392 2879 1425 2917 P
1457 2875 1553 2929 atq,
1587 2873 1746 2918 oculos
1778 2877 1804 2915 b
