1988 3106
325 291 416 363 Et,
455 291 501 346 si
538 307 657 361 qua
681 291 914 344 laceram
952 289 1095 345 diem
1133 290 1348 359 recepit,

328 354 516 420 Sertis
534 363 790 419 mollibus
821 363 1097 433 expleatur
1133 363 1340 417 umbra.
1771 380 1827 421 15

326 437 555 494 Centum
593 436 903 508 Thespiacis
942 437 1110 491 odora
1146 437 1281 491 lucis

328 510 486 567 Stent
523 511 716 565 altaria
753 510 1109 581 uictimaeque
1148 521 1378 579 centum,

326 584 472 648 Quas
511 583 670 639 Dirce
708 585 859 638 lauat
895 587 989 637 aut
1035 584 1133 637 alit
1170 582 1474 640 Cithaeron.

325 658 600 713 Lucanum
639 658 896 727 canimus,
932 657 1112 711 fauete
1150 657 1363 728 linguis,

325 730 525 786 Uestra
563 733 647 785 est
675 731 784 784 ista
814 730 941 800 dies,
981 731 1175 800 fauete,
1213 730 1417 800 Musae,
1770 747 1828 788 20

325 804 471 860 Dum
510 805 601 875 qui
638 822 736 859 uos
777 804 1018 874 geminas
1056 804 1183 858 tulit
1221 822 1315 874 per
1354 808 1512 875 artes,

325 878 402 933 Et
438 879 652 932 uinctae
690 877 823 948 pede
861 877 1010 932 uocis
1049 881 1103 931 et
1141 878 1364 948 solutae,

324 951 558 1006 Romani
596 952 788 1006 colitur
825 951 974 1006 chori
1013 952 1278 1005 sacerdos,

324 1024 478 1079 Felix
514 1025 619 1079 heu
657 1025 820 1079 nimis
860 1028 915 1078 et
951 1025 1112 1079 beata
1148 1025 1326 1095 tellus,

327 1098 475 1162 Quae
513 1116 713 1168 pronos
753 1098 1080 1183 Hyperionis
1120 1102 1329 1152 meatus
1773 1115 1829 1155 25

328 1170 563 1226 Summis
603 1172 789 1227 oceani
826 1172 975 1225 uides
1013 1172 1072 1225 in
1111 1172 1268 1226 undis

329 1243 727 1315 Stridoremque
765 1249 915 1299 rotae
954 1245 1193 1299 cadentis
1234 1245 1402 1315 audis,

226 1370 240 1381 ,
327 1318 474 1382 Quae
514 1318 790 1372 Tritonide
827 1318 1031 1371 fertiles
1069 1318 1314 1373 Athenas

325 1390 532 1461 Unctis,
569 1391 802 1460 Baetica,
841 1409 1101 1460 prouocas
1139 1393 1390 1461 trapetis:

326 1465 603 1519 Lucanum
639 1468 794 1536 potes
833 1466 1081 1534 inputare
1119 1467 1296 1519 terris!
1773 1482 1830 1523 30

325 1538 446 1593 Hoc
483 1539 605 1608 plus
644 1556 806 1608 quam
846 1536 1102 1591 Senecam
1140 1538 1347 1592 dedisse
1386 1540 1586 1594 mundo

328 1611 443 1666 Aut
480 1612 689 1666 dulcem
727 1628 1012 1682 generasse
1049 1611 1364 1666 Gallionem.

326 1685 566 1740 Attollat
601 1685 796 1739 refluos
833 1685 892 1738 in
930 1688 1077 1738 astra
1114 1685 1292 1739 fontes

327 1757 489 1813 Graio
527 1758 761 1813 nobilior
798 1757 994 1812 Melete
1032 1757 1239 1826 Baetis;

327 1831 553 1902 Baetim,
590 1831 831 1901 Mantua,
869 1849 1165 1900 prouocare
1202 1833 1328 1886 noli.
1774 1847 1831 1888 35

327 1904 534 1959 Natum
572 1906 816 1975 protinus
855 1908 1017 1975 atque
1047 1905 1270 1959 humum
1308 1923 1405 1974 per
1440 1907 1618 1976 ipsam

328 1978 510 2034 Primo
548 1996 818 2032 murmure
857 1978 1007 2032 dulce
1046 1979 1355 2048 uagientem

329 2051 543 2106 Blando
579 2051 823 2121 Calliope
861 2053 983 2105 sinu
1020 2053 1234 2121 recepit.

331 2124 469 2178 Tum
506 2125 739 2195 primum
776 2125 956 2194 posito
994 2126 1219 2178 remissa
1255 2125 1403 2179 luctu

329 2197 544 2268 Longos
583 2197 827 2267 Orpheos
866 2198 1012 2251 exuit
1050 2198 1260 2251 dolores
1775 2212 1833 2253 40

329 2270 405 2325 Et
441 2271 595 2324 dixit:
635 2270 796 2341 epuer
834 2289 866 2324 o
905 2271 1079 2324 dicate
1117 2270 1308 2339 MusiS,

329 2343 648 2415 Longaeuos
687 2345 795 2398 cito
832 2345 1125 2397 transiture
1163 2347 1332 2413 uateS,

13 0 106 314 ἶ
667 170 979 217 summm
1007 169 1060 218 12,
1091 168 1150 228 11,
1180 173 1221 216 τ.
1754 173 1823 227 61

0 258 2 316 >
33 307 35 311 ,

71 2580 84 2626 ὲ
186 2583 243 2623 14
279 2578 480 2624 laceram
521 2578 709 2634 scripsi:
746 2578 880 2634 pater
911 2578 994 2622 aut
1022 2582 1055 2620 L
1088 2580 1118 2622 ς
1156 2579 1291 2634 patet
1320 2579 1403 2622 aut
1432 2582 1462 2620 c
1493 2593 1522 2621 a
1558 2579 1771 2634 pateram
1803 2582 1833 2622 ς

0 2669 3 2678 .
101 2637 279 2682 atulam
314 2637 487 2682 Markl.
518 2638 534 2693 ΙΙ
570 2641 624 2680 16
654 2636 872 2694 tespiacis
902 2640 936 2678 L
966 2638 982 2693 ΙΙ
1015 2639 1068 2680 18
1101 2635 1227 2695 dirce
1257 2640 1300 2680 et
1329 2636 1426 2680 alid
1455 2641 1489 2678 L
1512 2638 1528 2693 ΙΙ
1550 2641 1608 2681 20
1638 2636 1727 2681 iste
1757 2640 1790 2678 L
1820 2636 1836 2694 1,

0 2733 3 2759 ἰ
98 2700 127 2740 4
162 2696 271 2752 heu]
311 2709 339 2740 o
380 2695 554 2740 Markl.
585 2697 600 2751 ΙΙ
631 2699 687 2739 25
717 2694 950 2752 yperionis
978 2699 1011 2737 L
1044 2697 1059 2750 ΙΙ
1089 2699 1146 2739 26
1176 2695 1328 2748 uides,
1364 2695 1415 2738 ui
1444 2708 1500 2739 ex
1530 2708 1645 2739 corr.
1675 2696 1729 2739 in
1757 2699 1791 2737 L
1820 2697 1836 2746 i!

0 2794 4 2800 .
68 2755 126 2805 28
170 2753 393 2822 tritonide
439 2758 480 2798 et
526 2754 710 2798 atheras
756 2758 789 2796 L
826 2755 841 2810 ΙΙ
882 2758 938 2798 29
985 2753 1131 2797 uffica
1174 2766 1319 2809 prono
1352 2753 1624 2810 castrapetis
1654 2758 1687 2796 L
1725 2755 1741 2810 ΙΙ
1778 2759 1836 2798 34

0 2812 5 2867 ζ
68 2812 338 2858 m&eleb&is
367 2817 400 2856 1.
431 2813 448 2869 ΙΙ
477 2817 534 2857 35
565 2811 700 2856 b&im
730 2816 763 2855 L
794 2814 809 2868 ΙΙ
840 2817 896 2856 36
927 2825 1047 2868 aque
1078 2815 1120 2856 et
1148 2811 1301 2868 ipsum
1330 2815 1363 2853 L
1393 2813 1410 2868 ΙΙ
1440 2816 1495 2856 37
1526 2812 1728 2869 primum
1757 2817 1791 2855 L
1822 2813 1837 2870 {1

71 2871 126 2917 88
158 2871 338 2928 caliope
372 2872 524 2928 L1140
558 2871 704 2915 orfeos
735 2874 774 2913 A
796 2875 829 2913 L
851 2872 867 2927 ΙΙ
890 2875 945 2914 41
978 2883 1120 2927 puero
1153 2870 1240 2914 dic.
1272 2874 1304 2912 L
