1976 3126
186 160 295 213 332
763 159 810 204 P.
844 159 1073 204 PAPINII
1105 158 1298 204 STATII

188 279 356 352 (Cedo
397 278 669 351 equidem)
709 281 911 334 virtute
949 282 1117 350 colae,
1156 281 1291 333 mihi
1329 281 1508 335 flebile
1550 299 1758 351 semper

187 354 404 409 Nomen
445 355 578 422 eris3
619 360 824 424 ponant
862 374 983 408 aras
1024 355 1337 424 excelsaque
1377 354 1595 409 Thebae

189 428 416 497 Templa
456 429 658 481 dicent:
698 431 791 482 uni
829 429 913 481 fas
956 429 1028 482 sit
1065 429 1249 499 lugere
1288 430 1518 499 parenti.

186 502 262 556 Et
300 520 442 555 nunc
482 502 589 555 heu
629 521 765 572 quae
805 503 970 573 digna
1007 503 1110 556 tibi
1151 503 1438 557 sollemnia
1477 522 1674 573 quasve
1818 516 1877 557 80

188 577 412 646 Largiar
453 577 773 645 exsequias?
811 596 909 631 nec
950 578 996 629 si
1034 577 1202 630 fatale
1240 580 1485 648 potestas

187 650 368 720 Argos
409 652 463 703 et
501 651 763 719 impulsas
803 651 972 704 cineri
1010 652 1238 704 miscere
1274 651 1528 721 Mycenas
1538 693 1553 720 ‚

188 724 383 794 Meque
425 742 605 794 super,
647 725 730 778 cui
768 726 882 778 vita
923 722 1147 796 (nefasl)
1187 729 1242 780 et
1281 727 1543 796 sanguine
1581 726 1698 779 nati

191 798 389 852 Partus
428 797 617 852 honos,
662 798 970 855 ‚Eademne
1011 799 1148 868 dice,
1188 799 1375 853 eadem
1415 799 1582 869 impia
1620 800 1763 852 bella

190 871 289 941 Te,
327 890 484 942 puer,
526 876 580 924 et
619 873 762 926 diros
803 873 1000 926 misere
1040 873 1098 926 in
1135 873 1365 927 Tartara
1402 874 1636 927 fratres?
1824 887 1882 928 85

190 945 265 999 Et
302 964 445 999 nunc
486 945 749 1015 Oedipodi
789 966 887 1017 par
926 951 1009 1001 est
1046 947 1270 1001 fortuna
1309 947 1510 1001 doloris

192 1020 272 1073 Ac
288 1019 462 1073 mihi?
488 1039 648 1089 quam
669 1022 873 1075 similes
892 1022 1174 1092 gemimu8‚
1197 1022 1338 1075 bone
1353 1021 1614 1092 Iuppiter,
1637 1022 1882 1075 umbras!

191 1094 418 1165 Accipe,
455 1098 607 1164 nate,
645 1096 728 1148 tui
765 1114 909 1149 nova
946 1096 1245 1149 libamenta
1282 1096 1566 1165 triumphi,

191 1167 394 1237 Accipe
434 1171 488 1220 et
526 1168 630 1222 hoc
669 1170 912 1238 regimen
952 1169 1169 1223 dextrae
1209 1170 1510 1239 frontisque
1553 1170 1815 1239 superbae

192 1241 449 1311 Vincula,
490 1261 627 1311 quae
665 1244 812 1312 patri
849 1244 1134 1296 minimum
1173 1244 1428 1297 laetanda
1455 1244 1676 1297 dedisti.
1826 1257 1885 1298 90
1937 1287 1951 1315 ³·-

194 1315 400 1386 Regem
432 1319 511 1384 te,
549 1334 733 1386 regem
771 1318 957 1371 tristes
996 1317 1288 1371 Eteocleos
1328 1318 1553 1371 umbrae
1923 1332 1954 1387 j<

192 1389 513 1458 Aspiciant.²
578 1389 750 1444 Simul
788 1392 922 1446 haec
962 1393 1143 1445 dicens
1184 1393 1492 1462 crinemque
1529 1410 1854 1462 manumque
1921 1382 1953 1458 ξ

191 1463 460 1533 Destruit,
500 1482 831 1535 accensaque
869 1466 1034 1519 iterat
1073 1467 1359 1520 violentius
1400 1468 1503 1520 ira:
1918 1470 1946 1532 j?

195 1536 458 1597 fSaevum
492 1539 724 1608 agedum
754 1541 1104 1610 inmitemque
1135 1544 1351 1610 vocent,
1383 1541 1430 1593 si
1459 1539 1650 1593 funera
1681 1539 1888 1593 Lernae

198 1611 399 1665 Tecum
441 1613 626 1665 ardere
665 1617 811 1683 vet03
852 1614 1045 1684 longos
1085 1615 1295 1667 utinam
1335 1614 1526 1667 addere
1568 1632 1757 1667 sensus
1827 1627 1886 1668 95
1919 1627 1940 1663 Γ*

197 1684 531 1755 Corporibus
572 1687 828 1757 caeloque
869 1689 1077 1741 animas
1116 1688 1402 1757 Ereboque
1442 1691 1697 1741 nocentes

196 1758 404 1812 Pellere
443 1760 550 1828 fae,
589 1761 875 1830 ipsumque
914 1761 1082 1831 feraS,
1120 1762 1301 1831 ipsum
1340 1780 1478 1815 unca
1515 1763 1798 1816 volucrum

168 1832 306 1886 .Ora
346 1834 498 1902 sequi
538 1837 699 1903 atque
740 1840 889 1889 artus
929 1853 1119 1906 regum
1158 1838 1462 1889 monstrare
1500 1836 1787 1890 nefandos!
1924 1883 1940 1910 Ἀ..

193 1907 263 1960 Ε1
311 1907 467 1976 1111111,
517 1909 658 1977 quod
706 1911 916 1978 positos
954 1910 1152 1963 humus
1194 1911 1337 1963 alma
1376 1910 1594 1979 diesque
1633 1910 1884 1964 resolvet.
1923 1915 1942 1970 ³5

196 1981 372 2044 Quare
412 1982 610 2034 iterum
651 1987 901 2052 repetens
940 1984 1244 2054 iterumque
1286 1984 1459 2038 edico:
1500 2003 1751 2054 suprema
1800 1998 1885 2038 100
1914 2031 1939 2062 „3

194 2054 277 2109 Ne
318 2056 439 2125 quis
481 2074 582 2124 ope
622 2060 676 2110 et
714 2058 945 2111 flammis
986 2059 1131 2112 ausit
1168 2059 1368 2112 iuvisse
1406 2057 1688 2129 Pelasgos;
1915 2080 1949 2122 5

196 2129 310 2182 Aut
347 2147 476 2183 nece
515 2130 661 2185 facta
701 2132 814 2185 luet
851 2150 1183 2202 numeroque
1221 2132 1461 2201 explebit
1500 2133 1752 2201 adempta
1910 2131 1939 2206 ³⁴5

198 2201 464 2273 Corpora3
503 2222 600 2273 per
639 2224 863 2276 superos
902 2224 1270 2276 magnumque
1308 2207 1598 2260 Menoecea
1637 2205 1791 2260 iuro?

195 2276 375 2346 Dixit,
414 2283 468 2330 et
507 2279 792 2349 abreptum
831 2281 1054 2333 comites
1094 2281 1152 2333 in
1190 2282 1338 2334 tecta
1375 2281 1637 2334 ferebant.

271 2350 498 2404 Flebilis
539 2353 748 2406 interea
786 2355 971 2408 vacuis
1012 2355 1302 2407 comitatus
1344 2355 1412 2407 ab
1453 2354 1617 2425 Argis
1799 2366 1884 2407 105

200 2422 390 2495 (Fama
428 2425 600 2479 trahit
638 2427 891 2499 miseras)
932 2429 1094 2481 orbae
1133 2428 1433 2497 viduaeque
1472 2429 1703 2482 ruebant

318 2591 373 2630 77
423 2584 572 2630 Credo
612 2587 738 2631 codd.
779 2588 876 2632 edd.
926 2587 1051 2631 Cedo
1090 2601 1203 2634 corr.
1248 2588 1466 2633 Menkius
1505 2589 1601 2633 coll.
1656 2588 1756 2630 VII
1792 2589 1885 2632 178

196 2645 308 2689 Ach.
341 2645 378 2688 Ι
407 2649 499 2689 396
522 2647 538 2702 ΙΙ
562 2649 617 2689 78
650 2646 834 2690 Numen
866 2648 1008 2701 codd„
1040 2660 1154 2692 corr.
1192 2646 1486 2703 Gronovius„
1510 2651 1567 2692 80
1599 2660 1716 2702 quas
1740 2644 1886 2702 digna

196 2708 228 2746 P
252 2705 266 2759 ΙΙ
291 2709 346 2748 81
371 2703 519 2748 ferale
543 2704 824 2750 Schraderus
847 2708 861 2759 ΙΙ
886 2710 941 2750 82
975 2707 1024 2749 et
1054 2705 1182 2762 ipsas
1215 2706 1360 2750 cineri
1381 2711 1414 2749 P
1437 2707 1452 2763 ΙΙ
1477 2712 1531 2751 83
1557 2705 1633 2750 cui
1658 2703 1884 2762 sanguine

200 2777 238 2806 π
266 2763 582 2808 Marklandus
604 2766 619 2820 ΙΙ
644 2767 699 2807 87
730 2763 920 2824 Asssssihi
950 2769 983 2807 P
1006 2767 1021 2821 ΙΙ
1046 2770 1102 2809 90
1133 2764 1378 2809 minimum
1408 2765 1602 2810 letanda
1625 2769 1658 2807 P
1687 2763 1882 2808 nimium

198 2821 431 2878 gestanda
462 2824 595 2867 ceteri
625 2825 641 2880 ΙΙ
671 2828 728 2867 94
761 2823 802 2866 si
832 2828 865 2866 P
894 2838 1017 2867 nunc
1049 2826 1182 2869 ceteri
1203 2826 1218 2880 ΙΙ
1242 2829 1298 2868 98
1329 2824 1502 2869 ferrum
1532 2825 1790 2868 monstrare
1821 2819 1885 2879 Pu

199 2885 253 2924 99
287 2880 491 2925 resolvet
521 2886 553 2923 P
583 2881 778 2926 resolvit
807 2884 941 2928 ceteri
963 2884 979 2940 ΙΙ
1005 2888 1084 2927 101
1121 2885 1168 2927 et
1198 2888 1230 2926 P
1263 2885 1346 2927 aut
1377 2885 1508 2928 ceteri
