1976 3094
669 100 1013 150 THEBAIDos
1046 102 1158 152 ms.
1191 103 1247 152 v,
1706 107 1811 165 139

108 222 293 294 Ferte,
333 222 515 293 duces,
554 222 735 278 meriti
777 224 825 278 si
864 242 970 295 qua
1010 228 1095 280 est
1133 225 1267 279 mihi
1307 227 1488 298 gratia
1527 226 1672 299 duri,

29 335 31 346 Α
67 335 72 357 „
111 296 174 356 Si,
209 297 327 369 quis
366 295 541 353 honos
581 296 763 368 dictis,
803 302 897 353 aut
937 317 1033 355 vos
1074 300 1376 370 extinguite
1415 300 1582 371 ferre,
1721 315 1810 359 630

107 371 192 427 Ne
231 371 416 425 tristes
457 369 704 427 dominos
745 372 1044 445 orbamque
1082 374 1305 430 inimica
1342 375 1582 434 revisam

108 444 440 516 Eurydicen,
472 463 800 517 quamquam
839 447 975 502 haut
1013 448 1100 503 illi
1140 467 1261 505 mea
1300 467 1432 505 cura
1469 450 1703 506 dolendo

40 542 41 548 ¹
109 518 358 576 cesserit
432 518 621 574 Hocne
660 519 841 576 ferens
881 540 1018 577 onus
1058 523 1378 579 inlaetabile
1418 526 1611 580 matris

107 593 509 650 Trmfundam
546 595 790 665 gremio?
831 615 967 667 quae
1008 615 1092 651 me
1124 598 1276 667 prius
1307 599 1420 652 ima
1453 599 1555 654 sub
1587 600 1809 655 umbras

106 667 324 741 Mergat
345 668 542 724 humus
553 668 601 724 ‘?'
627 668 802 725 Simul
818 670 952 726 haee
969 674 1220 742 terraque
1239 676 1294 727 et
1313 674 1578 745 sanguine
1596 675 1808 731 vultum

109 742 338 799 Sordida
375 759 699 814 magnorum
741 745 883 800 circa
922 747 1156 816 vestigia
1195 764 1387 818 regum
1721 762 1808 805 ese

28 870 29 877 ,
113 817 384 887 Vertitur,
423 820 478 872 et
516 818 683 873 tacite
723 820 1092 876 maerentibus
1134 822 1373 891 imputat
1411 822 1598 877 undas.

179 891 255 947 Et
292 892 403 947 iam
444 893 675 947 sacrifici
715 894 930 948 subitus
969 914 1067 965 per
1105 898 1249 950 tecta
1288 896 1523 968 Lycurgi

109 966 346 1023 Nuntius
386 966 639 1038 implerat
677 968 918 1023 lacrimis
958 970 1244 1041 ipsumque
1285 971 1635 1043 domumque,

107 1041 294 1114 Ipsum
335 1040 718 1098 adventantem
757 1042 943 1097 Persei
982 1045 1184 1099 vertice
1225 1048 1417 1101 sancto
1721 1060 1809 1103 640

26 1177 27 1181 Ἰ
104 1115 333 1187 Montis,
372 1116 467 1171 ubi
506 1134 694 1172 averso
734 1116 956 1173 dederat
994 1121 1245 1189 prosecta
1283 1118 1544 1190 Tonanti,

25 1187 27 1198 ⁴
106 1190 182 1246 Et
221 1194 384 1262 caput
421 1191 578 1246 iratis
616 1192 829 1246 rediens
871 1194 1171 1263 quassabat
1210 1194 1278 1248 ab
1321 1196 1478 1250 extis.

102 1265 210 1320 Hic
250 1283 367 1319 sese
406 1263 682 1337 Argolicis
721 1267 1018 1322 immunem
1060 1272 1241 1323 servat
1279 1269 1348 1323 ab
1393 1270 1559 1325 armis

103 1339 256 1394 Haut
295 1340 461 1394 animi
499 1357 719 1411 vacuus,
761 1341 853 1395 sed
891 1343 1098 1412 templa
1138 1361 1370 1413 araeque
1412 1344 1690 1399 tenebant.

103 1412 352 1468 Necdum
391 1415 555 1469 etiam
594 1433 857 1485 responsa
896 1416 1053 1470 deum
1094 1417 1438 1488 monitusque
1479 1420 1685 1474 vetusti
1718 1431 1807 1475 646

106 1487 438 1544 Exciderant
476 1491 532 1543 et
570 1507 675 1543 vox
714 1490 894 1560 adytis
935 1495 1159 1561 accepim.
1197 1492 1504 1561 profundis:

103 1562 308 1617 ‘Prima
317 1605 332 1633 ,
370 1561 638 1635 Lycurge,
680 1564 833 1619 dabis
874 1564 1105 1620 Dircaeo
1147 1567 1338 1621 funera
1378 1566 1559 1621 bello?

104 1636 170 1691 Id
209 1639 387 1708 cavet,
427 1643 482 1692 et
521 1641 759 1693 maestus
801 1639 964 1693 vicini
1003 1641 1225 1710 pulvere
1265 1640 1462 1695 Martis

104 1711 342 1782 Angitur
381 1711 450 1766 ad
490 1711 654 1766 lituos
695 1713 1073 1785 periturusque
1112 1716 1315 1771 invidet
1355 1715 1537 1771 armis

175 1784 316 1840 Ecce
348 1783 505 1858 (fides
539 1786 843 1859 superuml)
883 1789 1090 1844 laceras
1124 1789 1387 1844 comitata
1417 1789 1687 1845 Thoantis
1718 1802 1805 1844 650

102 1859 344 1914 Advehit
383 1861 664 1930 exsequias
674 1904 688 1930 ,
727 1866 917 1917 contra
957 1864 1105 1918 subit
1144 1864 1310 1918 obvia
1349 1868 1543 1933 mater,

102 1934 394 1988 Femineos
434 1938 618 1989 coetus
658 1936 1081 2007 plangentiaque
1126 1939 1346 2010 agmina
1386 1940 1603 1995 ducens

103 2007 180 2062 At
217 2026 327 2061 non
365 2009 712 2079 magnanimo
753 2010 928 2079 pietas
967 2011 1169 2082 ignava
1207 2012 1479 2084 Lycurgo:

25 2091 27 2098 ’
103 2082 324 2138 Fortior
361 2082 457 2136 ille
495 2083 679 2153 malie,
718 2084 1081 2155 lacrimasque
1121 2087 1314 2141 insana
1351 2087 1598 2141 resorbet

103 2156 196 2211 Ira
232 2156 433 2227 patriS,
471 2157 638 2229 longo
677 2158 826 2228 rapit
865 2177 996 2213 arva
1034 2161 1308 2215 morantia
1345 2179 1516 2232 passu
1719 2174 1805 2216 656

102 2230 445 2286 Vociferans:
487 2230 609 2286 ‘Illa
644 2236 828 2287 autem
866 2233 1113 2304 ubinam,
1153 2235 1239 2289 cui
1276 2254 1453 2306 parva
1493 2235 1697 2290 cruoris

101 2303 336 2360 Laetave
376 2305 575 2359 damna
612 2307 756 2361 mei?
794 2307 1036 2362 vivitne?
1075 2309 1338 2379 impellite
1379 2312 1623 2380 raptam,

99 2377 258 2433 Ferte
297 2380 393 2434 citi
430 2380 680 2451 comites3
717 2381 844 2435 faxo
885 2383 1060 2436 omnis
1099 2383 1288 2438 fabula
1327 2384 1517 2438 Lemni

101 2483 175 2490 ——.

111 2567 120 2570 ⁷·
218 2544 307 2585 634
345 2539 513 2584 umbra
550 2545 619 2584 Ps
650 2542 665 2597 11
698 2546 784 2587 643
824 2543 1046 2589 servabat
1082 2549 1217 2589 Psrc
1247 2547 1264 2603 u
1296 2550 1381 2591 646
1422 2547 1472 2590 et
1509 2559 1605 2590 vox
1646 2544 1805 2603 adytis

102 2601 187 2644 Ga:
232 2612 289 2644 ao
323 2612 416 2644 vox
454 2599 612 2657 adytis
642 2601 755 2646 Βοὴ.
795 2615 976 2659 voxque
1016 2603 1172 2660 adytis
1204 2605 1377 2649 BrG²8
1410 2619 1486 2662 pr.
1523 2619 1581 2650 m.
1618 2617 1805 2661 voxque

53 2675 57 2678 ·
101 2668 159 2705 αι
181 2657 338 2716 adytis
360 2663 442 2703 ΠΒ
464 2673 549 2704 sec.
573 2673 631 2704 m.
655 2661 754 2706 edd.
786 2661 1071 2708 Exciderant
1095 2664 1250 2721 adytis
1273 2669 1306 2708 P
1329 2667 1347 2722 fl
1369 2669 1455 2710 649
1480 2663 1805 2721 periturisque

101 2717 249 2774 cedd„
296 2731 411 2764 corr.
457 2718 788 2766 Lachmannus
824 2724 841 2778 u
879 2727 967 2767 650
1016 2724 1442 2781 Interptmctioncm
1488 2737 1611 2769 corr.
1652 2723 1805 2770 Lach-

100 2787 300 2824 mmmus
335 2779 352 2836 u
389 2782 475 2823 651
514 2777 723 2823 Advehit
758 2784 1070 2836 PSBbcpHG
1108 2797 1164 2828 m.
1197 2797 1278 2829 sec.
1327 2782 1535 2827 Advenit
1572 2787 1618 2827 Π
1659 2783 1759 2830 edd.
1789 2783 1806 2842 ΙΙ

103 2837 190 2879 658
219 2848 394 2883 versum
423 2840 458 2881 B
482 2842 590 2894 post
619 2852 657 2884 v.
693 2841 786 2885 655
814 2841 990 2887 exhibet
