1976 3094
211 127 317 181 150
751 153 753 155 ·
787 128 836 171 Ρ.
869 124 1099 172 PAPIN'II
1131 124 1325 170 STATII

207 248 327 302 Hac
366 247 556 302 altrice
595 246 771 316 nefas3
812 248 1002 317 atquin
1040 250 1095 301 et
1132 246 1363 301 blandus
1404 247 1471 301 ad
1509 247 1685 317 illam,

205 320 373 393 Nate,
411 322 609 391 magiS,
649 321 825 375 solam
859 339 1019 375 nosse
1053 324 1216 392 atque
1248 321 1432 375 audire
1463 326 1769 391 vocantem,
1811 334 1893 376 155

204 396 541 467 Ignarusque
581 396 707 450 mei:
748 395 899 448 nulla
939 414 1005 448 ex
1042 398 1097 449 10
1137 395 1336 466 gaudia
1374 396 1552 449 matri.

203 469 310 523 Illa
347 474 472 524 tuos
513 473 733 539 questus
772 470 1195 540 lacrimososque
1233 470 1401 539 impia
1439 470 1579 541 risus

86 553 179 596 165
212 545 400 598 Audiit
440 547 494 597 et
532 545 681 598 vocis
722 544 987 614 decerpsit
1025 563 1303 598 murmura
1340 544 1560 614 primae.

204 618 311 671 Illa
348 618 449 671 tibi
489 618 734 689 genetrix
774 637 1007 689 semper,
1046 619 1173 673 dum
1211 619 1327 672 vita
1366 618 1641 687 manebat,

202 690 364 745 Nunc
404 709 519 762 ego,
583 691 687 746 Sed
727 693 957 746 miserae
996 693 1132 746 mihi
1169 711 1268 746 nec
1305 693 1499 762 punire
1529 694 1773 762 potestas
1810 705 1893 748 160

205 764 293 819 Sic
332 767 609 819 meritam!
650 767 779 836 quid
818 767 980 837 dona,
1021 767 1204 836 duceS,
1244 766 1374 836 quid
1412 766 1596 820 inania
1633 766 1789 819 fertis

204 839 356 893 Iusta
394 841 580 911 rogis?
619 840 781 893 Illam
821 839 925 912 (nil
965 843 1195 910 poscunt
1234 841 1470 910 amplius
1509 839 1783 912 umbrae),

80 921 173 966 170
203 913 388 983 Illam,
428 934 545 984 oro,
584 914 751 968 cineri
792 915 954 968 simul
994 915 1309 985 excisaeque
1347 915 1560 984 parenti
1598 919 1603 922 ’

201 988 455 1058 Reddite,
494 1007 718 1059 quaesO,
759 989 940 1058 duces,
982 1007 1080 1059 per
1119 989 1386 1060 ego'haec
1416 988 1716 1058 primordia
1746 989 1893 1060 belli,
1932 1004 1950 1058 j

202 1060 301 1115 Cui
341 1064 549 1133 peperi3
590 1063 668 1116 sic
707 1081 878 1132 aequa
918 1066 1141 1132 gemant
1178 1063 1315 1116 mihi
1352 1063 1542 1116 funera
1573 1066 1774 1117 matres
1809 1076 1892 1118 165

202 1136 483 1206 Ogygiae.⁹
561 1135 767 1190 Sternit
806 1137 979 1191 crines
1018 1138 1285 1207 iteratque
1323 1136 1614 1207 precando:

200 1208 472 1280 eReddite,
510 1228 609 1264 nec
647 1229 774 1265 vero
815 1211 1086 1264 crudelem
1126 1211 1448 1281 avidamque
1487 1213 1678 1264 vocate

75 1295 168 1338 175
200 1282 517 1354 Sanguinis:
558 1285 874 1339 occumbam
912 1286 1140 1357 pariter,
1180 1285 1305 1339 dum
1344 1285 1567 1339 vulnere
1604 1285 1748 1339 iusto

75 1370 168 1413 176
199 1357 505 1412 Exaturata
543 1359 749 1429 oculos,
787 1378 955 1413 unum
993 1360 1336 1429 impellamur
1373 1360 1432 1412 in
1471 1358 1690 1430 ignem?

73 1445 168 1486 185
199 1431 286 1486 Sic
326 1433 404 1486 ait
444 1434 797 1503 abruptisque
834 1434 1092 1487 inmutuit
1129 1453 1221 1487 ore
1261 1434 1535 1504 querellis:
1800 1447 1885 1488 170

197 1506 328 1561 Non
367 1525 519 1561 secus
559 1526 621 1560 ac
660 1509 839 1576 primo
876 1507 1189 1562 fraudatum
1228 1509 1371 1561 lacte
1409 1508 1716 1577 iuvencum,

199 1579 300 1633 Cui
337 1580 582 1650 trepidae
620 1582 762 1635 vires
804 1585 859 1635 et
899 1583 1044 1636 solus
1086 1582 1154 1635 ab
1193 1582 1359 1636 ubere
1399 1581 1643 1652 sanguis,

74 1704 167 1748 177
196 1709 332 1754 Talia
362 1711 624 1755 vociferans
656 1711 751 1756 alia
783 1711 841 1756 de
870 1713 1006 1768 parte
1038 1713 1303 1768 gementem

198 1769 492 1827 Hypsipylen
524 1772 690 1826 (neque
724 1771 848 1815 enim
878 1770 965 1814 illa
996 1785 1154 1816 comas
1185 1784 1272 1816 nec
1301 1772 1495 1828 pectora
1527 1772 1699 1828 servat)

200 1829 411 1886 Agnovit
440 1830 606 1887 longe,
641 1831 688 1874 et
720 1831 899 1874 socium
928 1829 1179 1887 indignata
1211 1830 1445 1875 dolorem:

75 1884 170 1927 180
204 1888 324 1933 ‘Hoc
357 1888 546 1944 saltem,
581 1903 607 1933 o
638 1903 878 1947 proceres,
910 1891 1055 1945 tuque
1087 1903 1136 1945 o,
1170 1889 1246 1934 cui
1274 1888 1472 1947 pignore
1503 1890 1664 1935 nostro

198 1947 366 1992 Partus
398 1947 566 2006 honos,
599 1948 847 2005 prohibete
878 1948 1034 2005 nefas,
1068 1948 1249 1993 auferte
1281 1948 1510 2005 supremis

197 2007 406 2052 Invisam
438 2007 684 2064 exsequiis.
747 2007 870 2062 Quid
902 2022 950 2052 se
981 2007 1169 2053 funesta
1197 2008 1386 2066 parenti

197 2066 368 2111 Miscet
399 2068 448 2112 013
476 2068 527 2111 111
556 2067 729 2112 nostris
762 2069 1001 2124 spectatur
1032 2069 1081 2112 01
1109 2067 1217 2126 ipsa
1247 2067 1423 2113 ruinis?

199 2125 288 2170 Cui
316 2126 450 2184 luget
481 2127 725 2184 complexa
757 2141 864 2171 suos
875 2127 915 2170 P’
952 2126 1028 2171 Sic
1058 2127 1160 2171 fata
1190 2128 1382 2186 repente

74 2179 167 2223 185
199 2184 439 2243 Concidit,
473 2185 780 2244 abruptisque
812 2185 1049 2231 obmutuit
1080 2200 1158 2231 ore
1191 2185 1423 2243 querellis.

321 2324 406 2364 154
437 2320 498 2364 ad
528 2319 662 2364 illam
692 2325 725 2362 P
755 2320 868 2364 Beh.
892 2319 1022 2365 Leid.
1051 2333 1090 2365 π
1124 2321 1172 2364 01
1202 2319 1337 2364 illam
1365 2319 1600 2378 3112οΜ11
1626 2325 1709 2365 162
1741 2320 1889 2365 Busta

197 2382 231 2421 Β
264 2392 346 2424 sec.
379 2394 434 2424 m.
467 2379 579 2424 Beh.
612 2383 770 2422 cGH'P
792 2380 808 2436 ΙΙ
834 2383 918 2423 165
949 2380 1118 2436 gerant
1147 2384 1224 2422 PG
1247 2381 1262 2437 ΙΙ
1289 2383 1373 2424 170
1404 2379 1500 2425 Hie
1529 2393 1683 2425 versus
1713 2381 1766 2425 in
1795 2393 1889 2426 ωηο

197 2439 292 2483 eod.
325 2442 357 2480 P
396 2439 482 2482 hac
520 2439 620 2483 sede
649 2439 904 2493 invenitur,
945 2440 998 2483 in
1029 2439 1184 2484 ceteris
1213 2452 1400 2484 numero
1429 2442 1524 2484 185
1554 2440 1845 2496 siqnifieatur
1874 2442 1887 2498 Η

203 2496 370 2542 Versus
400 2500 659 2552 1’77—185,
690 2498 771 2554 qui
797 2498 931 2556 vulyo
964 2503 1279 2553 numerantur,
1319 2499 1482 2543 desunt
1511 2498 1564 2541 in
1594 2498 1652 2540 (3²
1681 2503 1723 2543 et
1751 2502 1785 2541 B
1815 2513 1886 2555 pr.

195 2570 278 2610 m.,
309 2557 400 2601 duo
431 2557 618 2601 extremi
650 2559 740 2601 184
771 2561 812 2601 et
836 2559 929 2602 185
952 2558 1112 2602 desunt
1135 2558 1188 2602 in
1208 2562 1255 2613 P,
1287 2571 1382 2602 non
1402 2558 1731 2613 interpretatur
1753 2558 1886 2605 schol.

198 2615 250 2659 Ε
278 2619 490 2661 contextu
520 2616 629 2661 eieci
659 2620 701 2660 et
722 2629 932 2660 numeros
954 2630 1163 2661 versuum
1186 2616 1363 2661 mutavi
1383 2617 1400 2673 ΙΙ
1425 2620 1508 2660 169
1533 2615 1594 2659 ad
1618 2615 1777 2672 ignem
1799 2616 1858 2659 (3²
1872 2617 1888 2676 Η

197 2678 288 2720 180
333 2674 534 2732 pignora
571 2673 723 2718 nostri
745 2679 778 2718 P
815 2675 832 2732 ΙΙ
868 2678 958 2719 181
997 2674 1280 2719 Proturbata
1313 2674 1407 2719 tori
1443 2673 1689 2731 prohibete
1730 2689 1886 2733 supre-

196 2732 286 2777 mis
316 2739 349 2776 P
373 2734 388 2790 ΙΙ
413 2738 507 2780 182
538 2733 741 2778 Invitam
770 2738 804 2776 P
830 2735 836 2790 Ι
864 2732 975 2790 quia
1010 2748 1058 2778 se
1090 2733 1258 2778 fecisse
1288 2732 1475 2791 parenti
1505 2739 1538 2777 P
1560 2736 1576 2790 11
1600 2738 1691 2779 183
1724 2736 1772 2778 et
1802 2748 1886 2780 om.

196 2797 230 2834 P
253 2794 379 2848 11184
412 2791 622 2849 dixitque
664 2794 857 2850 repente
902 2797 936 2835 B
972 2807 1113 2851 mary.
1149 2798 1230 2836 SM
1260 2795 1276 2850 ΙΙ
1306 2796 1396 2838 185
1433 2792 1657 2837 inmutuit
1688 2798 1724 2836 G
1764 2793 1884 2842 colb.

195 2855 236 2893 R
268 2851 503 2896 obmutuit
533 2856 566 2894 B
598 2866 739 2910 mary.
772 2856 817 2895 Μ
845 2854 850 2909 Ι
877 2851 1077 2908 loquelis
1109 2858 1147 2895 B.
1179 2852 1309 2898 Leid.
