2020 3106
674 873 923 932 Editoris
962 873 1259 947 praefatio.

270 1091 352 1146 De
390 1092 643 1147 universa
680 1110 853 1146 novae
899 1091 1058 1144 huius
1093 1088 1252 1143 Statii
1294 1088 1547 1142 editionis
1588 1087 1814 1156 ratione,

121 1165 247 1235 quid
287 1165 422 1219 mihi
461 1166 518 1219 in
564 1184 628 1220 ea
676 1164 1005 1220 conficienda
1047 1164 1421 1235 proposuerim
1463 1168 1627 1232 atque
1674 1167 1734 1215 ut
1781 1181 1812 1215 a

120 1238 254 1293 viris
311 1239 484 1294 doctis
532 1241 856 1309 probaretur
903 1240 1141 1292 effecisse
1189 1237 1474 1307 voluerim,
1533 1255 1653 1290 cum
1702 1236 1812 1289 iam

121 1313 254 1367 satis
297 1314 464 1367 verba
509 1313 702 1367 fecisse
748 1313 883 1367 mihi
923 1313 1105 1367 videar
1148 1312 1204 1365 in
1251 1312 1586 1380 praefatione
1628 1310 1810 1363 Achil·

119 1383 247 1440 leidi
277 1388 593 1457 praemissa,
630 1406 790 1458 quam
825 1390 949 1440 ante
983 1387 1218 1456 quinque
1251 1403 1421 1438 annos
1454 1384 1813 1455 promulgavi,

117 1478 259 1514 nunc
313 1462 448 1515 satis
495 1462 661 1516 habui
709 1461 945 1515 breviter
992 1478 1286 1530 exponere,
1341 1460 1537 1529 quibus
1594 1458 1810 1511 auxiliis

119 1534 333 1588 adiutus
388 1553 473 1588 me
528 1536 593 1589 ad
648 1536 787 1589 hanc
840 1553 1037 1589 novam
1087 1533 1388 1587 Thebaidos
1443 1533 1812 1586 recensionem

116 1608 496 1678 perficiendam
552 1609 889 1663 accinxerim.
967 1608 1121 1671 Quod
1175 1607 1390 1677 quidem
1442 1625 1505 1660 eo
1553 1606 1812 1659 libentius

73 1740 77 1741 ⁷
118 1682 242 1752 feci,
281 1700 402 1737 cum
441 1683 698 1738 fasciculo
739 1683 896 1737 huius
937 1682 1227 1736 voluminis
1267 1681 1463 1752 priore,
1503 1681 1594 1750 qui
1630 1680 1811 1734 Achil-

118 1755 262 1811 leida
307 1757 738 1827 comprehendit,
793 1758 993 1810 emisso
1040 1756 1300 1827 permulti
1344 1756 1447 1808 viri
1495 1755 1812 1823 doctissimi,

120 1847 344 1900 quorum
395 1831 653 1885 iudicium
700 1831 759 1884 in
798 1831 883 1884 his
926 1831 1088 1884 rebus
1142 1830 1362 1899 plurimi
1414 1828 1811 1883 aestimandum

119 1907 212 1974 est,
254 1905 580 1959 amicissime
619 1924 706 1958 me
746 1905 1020 1958 adhortati
1062 1905 1185 1973 sint,
1223 1908 1285 1956 ut
1316 1922 1451 1974 opus
1485 1903 1670 1956 eadem
1705 1921 1811 1972 qua

118 1977 438 2047 incepissem
483 1980 691 2033 ratione
740 1979 1126 2032 continuarem.
1213 1978 1329 2041 Quo
1386 1979 1550 2030 etiam
1606 1976 1809 2029 factum

119 2054 227 2121 est,
271 2055 334 2106 ut
381 2052 679 2106 desinerem
727 2053 974 2105 dubitare
1021 2052 1126 2105 toti
1169 2052 1435 2105 volumini
1474 2068 1672 2104 nomen
1710 2050 1811 2102 viri

116 2125 264 2180 illius
305 2126 679 2180 inlustrissimi
725 2144 787 2179 ac
834 2126 969 2179 mihi
1017 2143 1228 2194 semper
1271 2125 1587 2196 gratissimo
1628 2124 1810 2176 animo

120 2200 328 2253 colendi
360 2218 707 2269 praeponere,
740 2219 845 2269 quo
879 2200 1225 2253 adhortatore
1250 2199 1497 2267 equidem
1522 2216 1643 2251 cum
1670 2215 1811 2250 anno

116 2271 540 2328 MDGOCLXVI
592 2273 833 2328 Parisios
880 2292 965 2327 me
1010 2273 1308 2326 conferrem
1359 2273 1621 2341 impulsus
1677 2290 1812 2339 sum,

118 2349 180 2401 ut
239 2366 338 2418 pro
391 2349 599 2402 viribus
654 2348 788 2401 meis
847 2348 913 2400 ad
974 2346 1394 2417 perscrutandos
1451 2345 1811 2399 bibliothecae

116 2423 244 2476 tunc
274 2422 573 2491 imperialis
606 2422 813 2476 codices
851 2421 919 2474 ad
951 2419 1187 2474 Statium
1227 2421 1446 2490 eiusque
1481 2419 1812 2473 scholiasten

118 2495 448 2564 pertinentes
491 2497 828 2566 aggrederer.

265 2568 421 2632 Quod
467 2570 531 2622 de
571 2569 871 2623 Achilleide
918 2567 1112 2639 (praef.
1159 2588 1208 2637 p.
1246 2567 1404 2639 VIII)
1451 2568 1810 2638 pronunciare

118 2641 300 2712 debui,
345 2661 431 2696 me
470 2644 615 2697 viam
655 2644 960 2714 ingressum
998 2643 1239 2697 nondum
1277 2641 1608 2711 patefactam
1650 2644 1809 2709 atque

118 2719 360 2784 apertam
398 2735 540 2771 nova
579 2720 833 2771 conatum
865 2735 981 2770 esse
1012 2717 1368 2770 fundamenta
1398 2716 1572 2768 iacere
1605 2732 1667 2767 ac
1699 2733 1811 2766 mu-

118 2790 259 2859 nire,
304 2790 361 2843 id
402 2792 460 2843 in
498 2791 776 2845 Thebaide
814 2790 1143 2844 recensenda
1181 2790 1245 2842 de
1287 2808 1379 2842 sex
1416 2788 1809 2858 posterioribus

119 2865 334 2917 tantum
380 2865 536 2918 libris
586 2865 762 2918 dicere
811 2884 1056 2934 possum,
1113 2882 1234 2917 cum
1289 2882 1381 2917 sex
1436 2863 1645 2933 priores
1701 2862 1809 2915 iam
