1976 3094
625 163 971 211 THEBAIDOS
1002 163 1112 211 LIB,
1145 163 1266 210 vm.
1691 163 1802 219 213

117 283 310 343 Cessat
348 289 404 342 et
440 285 639 340 inferni
677 285 883 339 vitatur
920 286 1127 340 honore
1168 286 1413 356 sepulcri.

114 361 352 416 Nuntius
391 360 636 415 hortanti
675 360 889 414 diversa
925 361 982 414 in
1020 363 1175 431 parte
1214 359 1483 430 maniplos

113 436 372 506 Adrasto,
410 434 501 489 vix
539 434 655 504 ipse
694 438 846 487 ratus
885 434 1105 504 vidisse,
1143 433 1435 488 Palaemon
1721 448 1804 488 135

29 558 31 565 a
113 509 353 565 Advolat
391 512 448 564 et
483 507 761 579 trepidans
801 506 1055 580 (steterat
1091 527 1219 562 nam
1256 508 1399 562 forte
1437 509 1651 563 cadenti

29 583 31 589 ’
113 582 400 638 Proximus
439 582 790 652 inspectoque
828 582 993 636 miser
1031 583 1277 653 pallebat
1315 581 1494 654 hiatu)

115 655 301 713 ‘Verte
339 657 591 728 gradum,
628 656 779 728 fuge,
817 656 1014 710 rector'
1056 657 1155 726 ait,
1196 656 1263 710 ‘si
1302 657 1503 711 Dorica
1542 658 1739 711 saltem

114 731 282 786 Terra
319 732 440 786 loco
479 731 796 802 patriaeque
835 734 1080 801 manent,
1118 731 1213 784 ubi
1251 731 1537 802 liquimus,
1576 750 1741 787 arces.

113 804 239 861 Non
269 806 453 876 armis,
485 823 595 860 non
628 806 892 877 sanguine
917 824 1074 875 opus:
1107 805 1234 875 quid
1258 805 1451 859 inutile
1475 806 1678 860 ferrum
1719 818 1805 860 140

115 878 443 952 Stringimus
482 880 541 933 in
579 878 833 934 Thebas?
875 898 1059 934 currus
1099 879 1296 933 humus
1335 880 1506 950 impia
1545 882 1732 935 sorbet

113 954 388 1026 Armaque
425 954 800 1025 bellantesque
838 955 1007 1023 viros3
1045 954 1234 1023 fugere
1274 972 1395 1008 ecce
1434 954 1649 1010 videtur

112 1028 218 1083 Hic
257 1028 446 1099 etiam,
485 1046 590 1099 quo
631 1030 862 1099 stamus,
902 1045 1045 1098 ager.
1122 1027 1252 1082 Vidi
1291 1028 1407 1098 ipse
1446 1029 1746 1098 profundae

42 1159 43 1164 ,
110 1102 305 1159 Noctis
343 1102 451 1157 iter
489 1105 754 1174 ruptaque
795 1103 900 1157 soli
939 1119 1201 1174 compage
1240 1105 1489 1156 ruentem

111 1177 276 1232 Illum
312 1177 444 1247 heu,
482 1178 765 1247 praesagis
806 1195 912 1248 quo
951 1177 1134 1230 nullus
1175 1176 1402 1231 amicior
1440 1178 1626 1246 astris,
1722 1190 1804 1231 145

115 1250 398 1322 Oecliden‚
435 1250 745 1322 frustraque
784 1270 977 1305 manus
1018 1269 1140 1305 cum
1178 1269 1309 1305 voce
1348 1251 1596 1306 tetendit.

112 1324 255 1379 Mira
292 1325 507 1395 loquor,
547 1325 726 1379 sulcos
765 1325 1060 1379 etiamnum
1099 1329 1278 1379 rector
1317 1342 1577 1394 equorum

114 1397 540 1469 Fumantemque
582 1399 762 1453 locum
803 1403 858 1453 et
897 1399 1104 1469 spumis
1144 1399 1363 1453 madida
1402 1418 1533 1453 arva
1570 1401 1806 1470 reliquit.

43 1515 49 1533 2
111 1472 226 1527 Nec
265 1491 546 1528 commune
585 1474 789 1527 malum
829 1476 934 1527 est:
974 1474 1135 1527 tellus
1177 1474 1423 1544 agnoscit
1461 1475 1732 1543 alumnos,

44 1568 49 1601 ι,
115 1546 238 1602 Stat
254 1547 515 1602 Thebana
540 1547 718 1601 acies?
756 1546 954 1618 Stupet
977 1548 1111 1601 haec
1128 1551 1183 1601 et
1200 1548 1413 1601 credere
1426 1548 1695 1602 Adrastus
1723 1562 1807 1602 150

45 1665 51 1695 a
114 1619 436 1691 Cunctatur3
478 1621 572 1676 sed
608 1621 833 1692 Mopsus
872 1622 1015 1675 idem
1054 1622 1401 1691 trepidusque
1439 1622 1651 1676 ferebat

46 1734 48 1751 2
113 1695 282 1750 Actor
318 1695 484 1750 idem:
523 1695 635 1750 iam
672 1696 820 1750 fama
857 1697 1013 1750 novis
1052 1696 1352 1749 terroribus
1393 1697 1570 1750 audax

48 1801 49 1808 κ
114 1768 241 1824 Non
276 1788 446 1823 unum
485 1770 738 1824 cecidisse
777 1770 958 1824 refert.
1037 1769 1240 1840 Sponte
1280 1771 1502 1840 agmina
1539 1774 1686 1825 retro

116 1842 243 1897 Non
281 1846 562 1914 expectato
601 1849 952 1918 revocantum
990 1863 1141 1898 more
1180 1845 1436 1899 tubarum

49 1952 51 1975 2
116 1917 509 1988 Praecipitant:
549 1918 643 1972 sed
679 1922 862 1989 torpet
899 1920 1025 1988 iter,
1062 1919 1371 1989 falluntque
1410 1923 1627 1974 ruentes
1723 1933 1806 1973 155

115 1990 303 2045 Genua
339 1991 512 2061 viros;
551 1991 762 2062 ipsique
801 1991 983 2062 (putes
1023 1992 1280 2063 sensisse)
1318 1998 1627 2063 repugnant

50 2063 53 2134 ζ
118 2063 447 2136 Cornipedes
486 2066 745 2136 nulloque
782 2069 961 2120 truces
1000 2066 1309 2120 hortamine
1347 2071 1562 2136 parent,

52 2142 53 2148 ’
115 2138 230 2193 Nec
269 2140 500 2194 celerare
538 2140 767 2210 gradum
805 2157 903 2193 nec
940 2140 1132 2193 tollere
1171 2141 1379 2193 lumina
1417 2144 1576 2194 terra.

117 2212 334 2267 Fortius
374 2214 653 2267 incursant
690 2214 862 2284 Tyrii,
901 2213 995 2267 sed
1035 2213 1244 2284 Vesper
1283 2233 1481 2283 opacus

54 2351 56 2358 s
117 2286 359 2341 Lunares
397 2287 508 2341 iam
547 2288 694 2342 ducit
732 2290 920 2358 equos}
962 2288 1090 2341 data
1128 2287 1343 2341 foedere
1381 2307 1550 2358 parvo
1723 2303 1808 2344 160

54 2370 57 2411 ·,
115 2360 332 2415 Maesta
368 2361 501 2415 viris
540 2363 755 2432 requies
795 2365 851 2415 et
888 2380 997 2415 nox
1038 2366 1261 2416 auctura
1300 2363 1539 2451 timores,
1751 2357 1757 2363 ’

238 2482 323 2523 138
350 2476 495 2522 Verte
517 2477 729 2535 fugam?
752 2480 767 2536 ΙΙ
794 2483 877 2523 146
902 2478 1108 2523 tetendit
1123 2483 1245 2522 Psn
1261 2479 1441 2523 tetendi
1457 2482 1543 2522 Bm
1558 2480 1657 2524 edd.
1682 2482 1698 2534 fl
1724 2485 1809 2525 148

56 2567 58 2572 η
116 2535 272 2581 lacum
302 2538 418 2583 coni.
455 2536 713 2583 Gronovius
738 2539 747 2594 1
775 2551 857 2582 ora
885 2543 918 2581 P
946 2541 952 2596 Ι
979 2536 1173 2594 reliquit
1194 2543 1308 2581 1³11.
1339 2538 1512 2594 reliqui
1534 2542 1659 2582 381
1681 2540 1697 2595 η
1722 2544 1807 2583 152

58 2607 59 2610 ’
117 2596 263 2641 Actor
299 2594 428 2640 idem
465 2601 510 2640 Π
549 2598 647 2643 edd.
695 2598 846 2641 Autor
883 2597 1010 2642 idem
1042 2603 1069 2641 S
1100 2599 1207 2643 Αἶά.
1254 2597 1501 2642 Actorides
1533 2599 1675 2655 PB(?)
1707 2599 1806 2642 edd.

115 2659 216 2715 pm.
261 2654 515 2701 Antorides
551 2660 586 2699 G
628 2657 885 2701 Actoriden
914 2658 1028 2703 Beh.
1068 2662 1095 2702 1
1139 2656 1414 2702 Alctoriden
1450 2657 1563 2701 Beh.
1602 2662 1635 2703 2
1662 2658 1671 2714 Ι
1696 2670 1808 2700 nam

118 2715 243 2761 codd.
276 2715 398 2770 edd„
440 2728 554 2761 cor-r.
587 2715 953 2762 Sandstroemius
989 2719 1005 2774 ΙΙ
1047 2720 1132 2761 154
1162 2717 1434 2760 revocatum
1464 2721 1529 2759 Pe
1562 2717 1570 2772 Ι
1604 2717 1808 2760 ferarum

117 2775 153 2816 P
187 2775 204 2832 fl
245 2778 331 2821 156
378 2773 580 2820 sensisse
627 2777 860 2831 ruuntque
905 2780 973 2819 Bc
1017 2776 1129 2821 Beh.
1178 2781 1202 2819 1
1255 2775 1375 2821 Golb.
1427 2776 1581 2820 Paris.
1631 2778 1756 2821 8053
1794 2776 1809 2834 ἷΙ

117 2840 185 2879 vv.
217 2836 466 2880 157—682
498 2835 551 2879 in
581 2839 620 2877 B
651 2850 680 2880 a
711 2850 767 2880 m.
793 2849 869 2893 pr.
902 2836 1057 2881 omissi
1088 2851 1117 2879 a
1148 2849 1291 2880 manu
1313 2835 1441 2881 Itala
1468 2848 1581 2881 saec.
1610 2833 1713 2879 XV
1737 2836 1808 2880 in-

118 2893 227 2937 serti
256 2893 466 2951 leyuntur
