1976 3126
156 156 265 210 326
734 153 781 197 P.
816 151 1045 197 PAPINH
1076 151 1269 197 STA'rn

156 276 380 330 Innixus
418 275 627 329 tumido
666 292 855 328 vocem
893 274 957 326 de
996 276 1214 343 pectore
1252 273 1477 342 rumpit:

157 350 372 403 ‘Iamne
411 352 571 403 vacat
611 347 842 418 saevire,
882 345 1095 401 Creon?
1134 347 1294 400 modo
1332 346 1537 416 perfida
1575 363 1744 417 regna

155 425 539 493 Fortunaeque
578 423 758 476 locum
795 425 1041 490 nostrae,
1079 421 1406 491 miserande,
1448 421 1666 486 subisti,

155 498 230 551 Et
268 498 372 550 tibi
410 498 520 550 iam
559 496 642 550 fas
684 500 768 550 est
805 513 996 566 regum
1035 495 1244 549 calcare
1282 495 1504 549 ruinas?

156 572 274 625 Iam
313 571 537 624 tumulis
578 571 774 640 victOS,
816 570 989 625 socios
1029 570 1139 623 iam
1177 569 1460 623 moenibus
1501 569 1689 623 arces?
1760 584 1846 625 680

154 646 359 714 Macte,
398 648 555 714 potes
597 645 757 715 digne
796 645 1103 699 Thebarum
1143 647 1357 714 sceptra
1394 644 1551 697 tueri.

153 717 305 773 Haec
343 722 438 772 tua
478 718 655 788 prima
695 719 834 788 dies,
874 719 966 772 sed
1006 736 1101 771 cur
1137 736 1280 771 nova
1318 718 1592 772 contrahis
1633 737 1817 773 amens

155 794 317 848 Iura?
362 793 489 862 quid
531 796 760 863 anguste
798 795 982 847 tantos
1022 792 1231 846 metiris
1270 791 1543 846 honores?

155 867 398 921 Exilium
438 867 714 920 intendis?
752 867 947 920 timida
984 867 1334 920 inclementia
1372 884 1562 938 regum

161 942 300 994 Ista!
339 942 484 994 feros
525 941 713 995 avidus
754 942 884 1011 quin
920 941 1169 1011 protinus
1208 940 1408 994 imbuis
1450 941 1642 995 enses?
1761 954 1847 996 685

164 1013 359 1083 Crede,
397 1016 546 1084 licet,
586 1016 769 1069 veniat
807 1015 1030 1085 cupidus
1068 1034 1258 1086 parere
1298 1015 1520 1069 satelles

169 1089 587 1160 Intrepidusque
626 1094 772 1143 secet
809 1109 919 1144 non
959 1089 1223 1143 evitantia
1262 1090 1416 1143 colla.

161 1163 368 1233 Incipe!
410 1183 478 1216 an
518 1167 789 1232 expectas,
829 1168 891 1218 ut
929 1182 1132 1233 pronus
1172 1164 1415 1233 supplice
1456 1163 1641 1217 dextra

156 1236 377 1291 Sternar
418 1241 471 1291 et
508 1238 716 1292 inmitis
757 1238 963 1291 domini
1000 1239 1235 1308 vestigia
1273 1238 1564 1308 quaeram?

154 1311 327 1382 Finge
360 1315 541 1365 autem
570 1315 863 1382 temptare,
903 1313 1087 1366 sines?
1125 1312 1329 1365 mihine
1361 1313 1473 1365 ulla
1503 1312 1726 1366 minaris
1759 1326 1846 1368 690

157 1383 457 1456 Supplicia,
497 1390 591 1440 aut
631 1387 770 1440 ullos
810 1387 947 1440 reris
987 1405 1267 1456 superesse
1306 1386 1574 1440 timores?

156 1459 422 1529 Linquere
462 1463 608 1514 tecta
647 1458 840 1514 iubes?
881 1461 1086 1514 caelum
1127 1465 1433 1530 terramque
1471 1460 1664 1530 reliqui

157 1532 384 1603 Sponte,
424 1538 587 1604 atque
625 1535 876 1589 ultricem
915 1535 1146 1590 crudelis
1186 1537 1243 1589 in
1283 1554 1378 1589 ora
1415 1536 1614 1588 retorsi

155 1607 208 1661 N
213 1626 283 1661 on
320 1609 431 1661 ullo
473 1612 698 1680 cogente
737 1628 981 1663 manum:
1022 1610 1151 1679 quid
1189 1610 1297 1663 tale
1338 1610 1546 1677 iubere,

155 1681 271 1734 Rex
309 1682 545 1750 inimice,
583 1683 790 1751 potes?¹
817 1683 969 1754 fugio
1010 1683 1312 1753 excedoque
1348 1683 1595 1736 nefandis
1760 1697 1846 1738 695

158 1754 410 1824 Sedibus;
451 1775 522 1809 an
559 1756 751 1827 refert,
792 1775 896 1826 quo
937 1757 1128 1810 funera
1168 1758 1336 1828 longa
1375 1775 1631 1827 measque

158 1829 546 1899 Transportem
585 1831 875 1884 tenebras?
915 1849 983 1883 ne
1022 1850 1134 1885 non
1172 1849 1304 1901 gens
1345 1834 1539 1885 cuncta
1576 1832 1818 1900 precanti

158 1902 456 1972 Concedat,
494 1905 702 1973 patriae
743 1907 1004 1975 quantum
1045 1906 1211 1958 miser
1248 1905 1446 1959 incubo
1485 1905 1701 1959 terrae?

158 1976 263 2030 Sed
302 1978 482 2031 dulces
523 1978 765 2032 Thebae!
806 1979 1061 2032 nimirum
1098 1979 1187 2033 hic
1225 1979 1421 2033 clarior
1460 1983 1634 2047 ortus,

155 2050 231 2104 Et
268 2052 496 2105 meliora
534 2071 683 2106 meos
722 2054 1058 2123 permulcent
1097 2053 1275 2107 sidera
1313 2055 1515 2122 vultUS,
1759 2068 1843 2108 700
1925 2076 1933 2086 ³

157 2124 261 2178 Hic
301 2127 546 2196 genetrix
582 2128 833 2198 natique!
871 2127 1090 2181 Habeas
1131 2128 1388 2182 Thebana
1427 2145 1738 2206 regasque

157 2198 399 2270 Moenia,
439 2220 543 2270 quo
584 2199 841 2270 CadeS,
883 2221 989 2272 quo
1028 2201 1193 2255 Laius
1233 2203 1410 2256 omine
1448 2204 1590 2255 rexit

158 2272 380 2343 Quoque
420 2293 544 2345 ego3
595 2276 671 2329 sic
710 2276 1004 2345 thalamos,
1045 2277 1122 2329 sic
1160 2277 1389 2345 pignora
1426 2276 1535 2330 fida
1574 2295 1846 2346 capessas,
1939 2350 1942 2353 Δ

156 2345 270 2400 Nec
309 2348 415 2401 tibi
456 2349 527 2402 sit
565 2350 736 2403 virtus
775 2350 1050 2404 fortunam
1090 2350 1314 2404 evadere
1355 2351 1563 2435 dextra3

158 2419 261 2473 Sed
297 2422 472 2475 lucem
513 2423 805 2492 deprensus
846 2443 1009 2478 ames.
1085 2423 1227 2478 Satis
1269 2425 1449 2479 omina
1490 2426 1666 2495 sanxi,
1759 2437 1843 2479 705

157 2493 299 2565 Duc,
338 2513 466 2566 age,
504 2501 635 2550 nata
669 2499 870 2567 procul.
934 2498 1073 2560 Quid
1105 2502 1158 2551 te
1191 2502 1372 2552 autem
1403 2498 1638 2552 luctibus
1671 2498 1844 2552 addo?

158 2568 267 2637 Da,
307 2588 402 2623 rex
441 2589 658 2641 magne,
697 2571 918 2625 ducem?
990 2572 1197 2625 Timuit
1236 2573 1539 2627 miseranda
1576 2573 1808 2642 relinqui

278 2765 363 2805 685
396 2760 550 2805 inbuit
579 2764 759 2819 P11692
791 2765 1057 2818 terramque
1088 2768 1121 2806 P
1152 2763 1379 2808 Barthius
1408 2764 1649 2819 terrasque
1681 2760 1841 2817 ceteriss

160 2824 244 2863 696
286 2819 447 2864 funere
485 2822 649 2877 longa,
690 2823 749 2866 al.
782 2837 838 2866 m
871 2836 1102 2878 suprascr.
1135 2837 1170 2867 s.
1205 2821 1335 2866 exilii
1364 2827 1397 2865 P
1435 2825 1450 2880 ΙΙ
1490 2827 1574 2868 697
1607 2823 1774 2866 cuncta
1805 2821 1843 2877 (t

155 2878 310 2922 cineta
340 2881 399 2924 al.
432 2881 508 2936 m.)
542 2880 829 2937 precandiP
