1976 3094
197 150 302 204 168
431 114 433 116 ·
594 198 602 203 ,
774 150 822 194 Ρ.
856 149 1082 194 ΡΑΡΙΝΠ
1114 149 1308 196 STATII

73 280 165 322 670
194 264 516 325 Promissa?
564 271 645 324 Ac
684 271 919 340 primum
958 274 1106 324 terra
1145 271 1456 343 discumque
1495 288 1821 340 manumque

193 346 451 415 Asperat,
491 364 716 398 excusso
755 364 882 399 mox
922 345 1124 398 circum
1162 346 1383 414 pulvere
1422 350 1626 417 versat,

196 420 347 484 Quod
388 420 532 473 latus
573 419 632 471 in
670 419 897 490 digitos,
936 419 1145 472 mediae
1185 420 1327 490 quod
1367 422 1564 475 certius
1599 419 1759 474 ulnae
1799 432 1884 474 650

195 493 516 563 Conveniat,
554 511 665 546 non
705 494 839 547 artis
880 509 1066 564 egens:
1105 494 1194 548 hic
1235 512 1447 563 semper
1485 494 1658 548 amori

193 568 373 621 Ludus
415 571 552 637 erat,
590 568 799 636 patriae
838 586 949 621 non
987 570 1202 622 tantum
1241 568 1336 622 ubi
1373 569 1550 622 laudis
1592 569 1767 623 obiret

75 651 165 694 675
199 641 386 711 Sacra,
426 642 518 694 sed
558 642 783 695 alternis
823 642 1076 711 Alpheon
1114 643 1383 712 utrimque
1424 643 1636 697 solebat

195 716 393 769 Metari
430 716 562 785 ripis
602 719 676 786 et,
717 735 824 786 qua
863 716 1133 770 latissima
1172 716 1400 787 distant,

195 790 322 844 Non
359 809 617 859 umquam
657 809 834 844 merso
875 791 1250 844 transmittere
1288 791 1514 845 flumina
1553 791 1718 846 disco.
1799 803 1884 845 655
1942 788 1944 790 ¹

193 863 347 934 Ergo
388 883 611 933 operum
649 865 819 919 fidens
857 883 969 918 non
1006 865 1253 934 protinus
1289 865 1513 920 horrida
1551 865 1727 935 campi

194 937 417 1009 Iugera,
458 938 549 991 sed
589 940 739 993 caelo
781 939 1023 992 dextram
1062 940 1309 1010 metitur,
1346 939 1604 1010 humique

66 1021 157 1063 680
194 1012 419 1065 Pressus
459 1016 689 1083 utroque
729 1030 871 1083 genu
911 1014 1136 1067 collecto
1177 1014 1442 1084 sanguine
1483 1014 1688 1068 discum

194 1087 317 1156 Ipse
355 1087 518 1156 'super
559 1106 675 1141 sese
713 1090 860 1141 rotat
900 1091 1060 1157 atque
1099 1089 1157 1140 in
1194 1089 1382 1142 nubila
1421 1088 1619 1142 condit.

193 1161 295 1214 Ille
335 1161 475 1214 citus
516 1162 746 1216 sublime
784 1162 925 1231 petit
965 1162 1265 1232 similisque
1305 1162 1518 1216 cadenti
1802 1176 1886 1218 660

195 1234 403 1290 Crescit
441 1236 499 1288 in
539 1235 843 1303 adversum,
883 1237 1208 1306 tandemque
1249 1236 1542 1290 exhaustus
1584 1237 1652 1290 ab
1694 1237 1804 1291 alto

194 1309 421 1363 Tardior
458 1311 518 1363 in
557 1313 759 1364 terram
797 1309 938 1364 redit
978 1314 1140 1381 atque
1179 1311 1523 1381 immergitur
1563 1311 1724 1365 arvis.

74 1392 165 1435 685
198 1382 284 1437 Sic
324 1383 488 1454 cadit,
530 1385 777 1438 attonitis
817 1385 1068 1454 quotiens
1109 1385 1362 1438 avellitur
1386 1386 1586 1455 ‘'astriS,

195 1456 336 1511 Solis
376 1476 546 1528 opaca
586 1477 762 1528 soror3
802 1460 992 1529 procul
1033 1459 1352 1513 auxiliantia
1391 1463 1579 1530 gentes

195 1533 339 1585 Aera
370 1535 594 1603 crepant
623 1533 931 1603 frustraque
954 1534 1172 1602 timent,
1203 1536 1264 1586 at
1283 1533 1549 1587 Thessala
1573 1533 1766 1587 victrix
1799 1546 1884 1588 665

192 1606 354 1659 Ridet
395 1607 713 1661 anhelantes
755 1608 939 1662 audito
980 1607 1213 1661 carmine
1253 1608 1424 1677 bigas.

195 1679 538 1735 Conlaudant
576 1680 777 1750 Danai,
817 1682 910 1735 sed
947 1699 1057 1735 non
1094 1681 1199 1734 tibi
1238 1682 1404 1734 molle
1442 1681 1641 1751 tuenti,

73 1765 167 1806 690
197 1755 601 1824 Hippomedon,
639 1756 919 1825 maiorque
957 1774 1150 1809 manus
1191 1758 1441 1825 speratur
1479 1756 1536 1808 in
1577 1773 1762 1824 aequ0.

268 1830 450 1900 Atque
488 1829 571 1883 illi
611 1831 881 1899 extemplo
891 1872 905 1900 ,
946 1831 1032 1884 cui
1071 1848 1195 1900 spes
1235 1829 1530 1900 infringere
1571 1829 1725 1883 dulce

193 1903 522 1973 InmodicaS,
560 1904 802 1958 Fortuna
840 1904 1003 1958 venit.
1081 1903 1221 1967 Quid
1259 1905 1484 1957 numina
1524 1907 1715 1958 contra
1799 1918 1886 1958 670

195 1978 439 2032 Tendere
476 1978 560 2032 fas
600 1978 846 2032 homini?
919 1976 1168 2047 Spatium
1205 1978 1316 2031 iam
1354 1979 1590 2031 immane
1630 1978 1886 2049 parabat,

193 2051 310 2105 Iam
351 2053 532 2107 cervix
571 2071 850 2118 conversa,
892 2056 946 2106 et
983 2054 1092 2106 iam
1131 2053 1275 2105 latus
1315 2070 1472 2106 omne
1511 2052 1742 2106 redibat:

73 2137 166 2180 695
195 2126 414 2180 Excidit
452 2130 577 2181 ante
615 2127 778 2197 pedes
819 2127 1061 2196 elapsum
1101 2127 1308 2196 pondus
1350 2130 1404 2180 et
1441 2127 1579 2180 ictus

193 2201 460 2255 Destituit
495 2201 805 2271 frustraque
842 2219 1064 2255 manum
1105 2201 1319 2254 demisit
1359 2202 1590 2255 inanem.

192 2275 510 2346 Ingemuere
551 2294 760 2345 omnes,
798 2276 1042 2345 rarisque
1082 2293 1146 2328 ea
1185 2275 1302 2329 visa
1339 2275 1608 2344 voluptas,
1797 2288 1882 2329 675

191 2349 322 2403 Inde
363 2351 429 2403 ad
469 2353 694 2403 conatus
732 2350 925 2404 timida
965 2349 1112 2403 subit
1151 2352 1268 2402 arte
1306 2348 1653 2402 Menestheus

194 2422 438 2488 (lautior,
479 2428 534 2476 et
572 2425 804 2477 multum
842 2427 918 2493 te,
956 2423 1105 2477 Maia
1145 2426 1311 2492 crete,
1349 2426 1542 2493 rogato

313 2545 399 2585 660
409 2554 476 2596 sq.
498 2538 778 2595 ‘similisque
789 2566 833 2571 —
843 2539 1109 2584 adversnm’
1132 2539 1161 2583 S
1174 2553 1197 2583 e
1207 2554 1230 2582 r
1239 2554 1280 2582 v.
1293 2539 1354 2583 ad
1364 2539 1478 2583 Aen.
1489 2537 1597 2581 VIII
1607 2543 1676 2582 91.
1686 2537 1774 2582 XII
1782 2542 1884 2586 856.

315 2650 400 2690 650
440 2644 654 2700 quodque
695 2643 867 2688 certius
898 2649 931 2686 P
962 2645 977 2699 ΙΙ
1009 2648 1095 2687 654
1132 2641 1304 2686 Metari
1333 2647 1366 2685 P
1403 2641 1563 2686 Metiri
1601 2642 1735 2687 ceteri
1755 2644 1771 2698 ΙΙ
1796 2646 1880 2687 657

193 2705 259 2750 sic
290 2709 323 2747 P
354 2707 479 2751 Dan.
510 2707 516 2762 Ι
543 2705 717 2760 ubique
747 2708 780 2746 P
804 2704 819 2760 ΙΙ
843 2708 926 2748 661
973 2701 1126 2747 Cessit
1160 2701 1354 2747 Guietus
1380 2704 1387 2757 Ι
1413 2700 1464 2744 in
1496 2700 1716 2745 adversos
1758 2700 1878 2746 Serv.

193 2767 255 2811 ad
301 2765 415 2810 Aen.
461 2765 578 2809 XII
611 2768 704 2808 856
741 2765 758 2820 l}
795 2768 882 2808 674
921 2761 1112 2807 demisit
1149 2761 1327 2804 PG²SB
1366 2775 1423 2805 m.
1464 2774 1544 2805 sec.
1584 2761 1697 2806 Βοὴ.
1739 2764 1881 2803 Grrb

191 2823 871 2943 wg'fiffizstpssgfflfg}
886 2820 1737 2936 ‘ffiaSssffgssgssgssssdssffssg2ssffld·
1769 2819 1882 2863 ”²¹³⁶
