1976 3126
674 156 1017 205 THEBAmos
1048 157 1159 203 ms.
1191 156 1269 204 x1.
1720 159 1831 215 305

134 280 355 352 Excipit
393 283 514 335 atra
553 297 708 334 soror
745 279 1072 349 dextraeque
1112 279 1308 333 innexa
1345 280 1614 349 profatur:
1772 294 1829 335 75

137 354 303 424 ‘Hac,
343 370 625 425 germana,
664 356 821 408 tenus
862 352 1044 424 Stygii
1084 353 1371 408 metuenda
1407 354 1648 423 parentis

135 428 372 500 Imperia
410 430 465 483 et
503 428 679 482 iussos
719 428 875 498 potui
913 427 1148 482 tolerare
1186 426 1422 495 furores,

135 502 264 559 Sola
302 520 462 573 super
499 504 674 556 terras
711 502 1008 571 hostilique
1047 501 1210 556 obvia
1250 501 1474 571 mundo,

135 578 280 632 Dum
320 594 416 632 vos
456 575 704 647 Elysium
746 578 800 629 et
837 575 1026 630 faciles
1065 577 1405 646 compescitis
1446 576 1684 630 umbras.

61 698 66 707 .,
135 650 251 706 Nec
288 650 522 721 pretium
563 650 805 704 deforme
845 667 1031 704 morae
1071 651 1318 720 cassique
1358 650 1597 704 labores:
1770 664 1828 705 80

72 734 78 781 ’,
134 724 255 780 Hoc
284 724 656 795 quodcumque
683 723 903 778 madent
926 724 1128 794 campi,
1159 724 1303 794 quod
1327 725 1592 794 sanguine
1616 724 1830 779 fumant

72 818 73 822 ¹
136 797 367 871 Stagna,
407 798 550 869 quod
588 799 868 852 innumero
908 797 1150 852 Lethaea
1188 798 1433 851 examine
1474 798 1674 869 gaudet

135 873 300 945 Ripa,
339 891 489 928 meae
528 873 692 943 vires,
733 890 852 926 mea
891 872 1036 926 laeta
1074 872 1325 943 insignia.
1396 871 1502 926 Sed
1540 872 1668 942 quid

134 947 285 1002 Haec
325 947 469 1018 ego?
508 946 656 1001 Mars
695 946 920 1016 habeat,
959 946 1291 1018 vulgataque
1331 947 1498 1001 iactet
1535 945 1708 1017 EnyO.

133 1020 338 1076 Vidisti
377 1018 608 1093 (Stygiis
649 1025 795 1075 certe
836 1020 1154 1075 manifestus
1195 1022 1252 1075 in
1291 1020 1521 1091 umbris)
1770 1035 1827 1075 86

137 1094 410 1167 Sanguine
449 1094 727 1150 foedatum
766 1095 933 1149 rictus
975 1099 1201 1165 atroque
1240 1094 1548 1149 madentem

135 1170 246 1224 Ora
286 1169 474 1224 ducem
513 1169 666 1224 tabo:
707 1170 965 1223 miserum
1006 1169 1334 1223 insatiabilis
1375 1169 1487 1223 edit

134 1243 222 1298 Me
261 1243 511 1298 tradente
550 1246 728 1313 caput.
790 1242 953 1296 Modo
994 1262 1186 1312 nempe
1225 1243 1527 1297 horrendus
1564 1243 1632 1297 ab
1667 1245 1829 1298 astris

135 1317 430 1373 Descendit
467 1335 563 1371 vos
602 1335 771 1387 usque
809 1317 1015 1402 fragor:
1055 1335 1139 1371 me
1181 1335 1334 1371 sacra
1376 1318 1657 1401 premebat

136 1392 482 1463 TempestaS,
523 1409 624 1463 ego
664 1392 837 1445 mixta
875 1392 1007 1444 viris
1046 1391 1331 1445 furialibus
1373 1391 1537 1445 armis
1771 1400 1829 1446 90

133 1465 292 1521 Bella
329 1466 488 1520 deum
528 1469 583 1519 et
621 1484 847 1537 magnas
887 1464 1131 1519 ridebam
1170 1465 1414 1519 fulminis
1453 1465 1577 1519 iras,

135 1539 239 1594 Sed
278 1540 387 1594 iam
428 1537 661 1611 (effabor
700 1536 868 1611 enim)
908 1539 1073 1610 longo
1115 1539 1310 1593 sudore
1349 1540 1611 1593 fatiscunt

136 1612 336 1684 Corda,
375 1631 551 1683 soror,
589 1614 882 1683 tardaeque
923 1632 1139 1682 manus;
1178 1614 1343 1667 hebet
1381 1614 1556 1667 infera
1595 1615 1744 1668 caelo

137 1688 316 1742 Taxus
357 1690 412 1742 et
448 1688 693 1742 insuetos
734 1705 936 1758 angues
976 1688 1146 1741 nimia
1186 1692 1334 1741 astra
1373 1692 1650 1758 soporant.

136 1761 243 1832 Tu,
282 1763 369 1816 cui
405 1764 556 1816 totus
595 1762 770 1816 adhuc
809 1762 959 1816 furor
998 1762 1378 1847 exsultantque
1418 1766 1660 1816 recentes
1768 1777 1825 1818 95

137 1835 332 1906 Cocyti
370 1835 435 1889 de
472 1835 623 1890 fonte
663 1854 872 1905 comae,
912 1835 979 1890 da
1016 1836 1240 1907 iungere
1280 1836 1437 1890 vires.

136 1909 263 1964 Non
302 1909 494 1963 solitas
534 1909 678 1964 acies
720 1929 818 1963 nec
857 1879 1060 1964 'Martia
1097 1910 1242 1964 bella
1281 1929 1538 1980 paramus
1547 1953 1561 1980 ,

138 1983 244 2038 Sed
282 1983 511 2037 fratrum
552 1981 703 2054 (licet
742 1985 886 2036 alma
923 1983 1082 2037 Fides
1122 1984 1413 2054 Pietasque
1451 1989 1783 2055 repugnent,

137 2055 486 2130 Vincentur),
523 2057 756 2111 fratrum
795 2056 1095 2127 stringendi
1136 2059 1436 2111 comminus
1476 2077 1650 2113 enses.

138 2131 354 2186 Grande
394 2132 550 2201 opus!
590 2132 742 2201 ipsae
783 2131 941 2201 odiis,
980 2131 1129 2200 ipsae
1163 2131 1500 2185 discordibus
1533 2133 1700 2186 armis
1744 2147 1829 2187 100

137 2207 418 2276 Aptemur.
495 2203 636 2268 Quid
675 2207 823 2259 lenta
862 2205 1048 2258 venis?
1090 2206 1322 2275 agedum
1362 2206 1525 2275 elige,
1565 2207 1716 2260 cuius

138 2279 305 2351 Signa
342 2279 502 2334 feras.
576 2280 755 2333 Ambo
795 2279 984 2332 faciles
1023 2280 1323 2349 nostrique3
1363 2280 1455 2333 sed
1497 2298 1693 2350 anceps

137 2353 351 2426 Vulgus
392 2357 447 2407 et
485 2354 701 2408 adfatus
743 2353 934 2406 matris
974 2353 1337 2424 blandamque
1375 2358 1599 2425 precatu

55 2451 66 2480 ι
137 2427 453 2500 Antigonen
491 2429 681 2496 timeO,
719 2429 939 2497 paulum
977 2446 1043 2482 ne
1082 2431 1272 2482 nostra
1311 2429 1587 2482 retardent

259 2549 343 2590 103
370 2558 467 2600 sqq.
505 2542 846 2599 ‘blandamque
879 2569 934 2576 -—
968 2543 1192 2589 consilia’
1237 2543 1410 2589 schol.
1452 2543 1595 2588 Theb.
1628 2545 1693 2588 XI
1724 2549 1824 2589 383.

259 2651 314 2693 81
347 2647 509 2691 madet
530 2651 563 2690 P
585 2648 602 2704 ΙΙ
625 2651 680 2691 85
713 2645 891 2691 Vidisti
913 2652 986 2691 ΡΤ
1017 2647 1217 2692 Vidistis
1242 2648 1345 2691 BG²
1353 2653 1399 2691 Π
1425 2650 1432 2704 l
1458 2646 1710 2692 manifesta
1741 2648 1827 2692 sub

139 2705 317 2752 umbris
347 2711 380 2750 P
412 2707 472 2751 al
504 2721 560 2751 m.
585 2708 679 2764 1187
712 2705 896 2772 miseris
927 2706 1225 2751 insatiabiles
1256 2712 1289 2750 P
1311 2709 1328 2765 11
1351 2712 1407 2752 89
1439 2721 1513 2751 me
1545 2712 1577 2749 P
1609 2706 1829 2752 Schrade-

139 2780 221 2812 ωε
250 2779 356 2811 mea
385 2766 540 2809 36⁹1
562 2767 578 2823 ΙΙ
602 2770 658 2810 90
691 2763 804 2810 viris
834 2770 867 2809 Ρ
898 2765 989 2810 viri
1020 2768 1153 2812 ceteri
1174 2768 1190 2823 u
1214 2771 1270 2811 98
1294 2780 1356 2824 sq
1403 2767 1828 2823 Interpunctionem

141 2838 253 2871 corr.
293 2825 507 2871 Weber-us
543 2827 559 2882 ss
600 2829 683 2869 103
713 2826 933 2881 precatur
963 2827 1095 2871 schol.
1130 2827 1192 2871 ad
1223 2841 1262 2871 v
1295 2829 1389 2872 383
1420 2827 1437 2883 ΙΙ
1470 2831 1554 2870 104
1585 2825 1830 2870 retardent

139 2887 173 2926 P
202 2883 412 2928 retardet
441 2885 544 2927 BG²
559 2889 604 2927 Μ
627 2882 813 2928 laboret
844 2889 879 2927 G

232 2965 255 2999 S
259 2975 372 2999 τττττ
396 2967 426 2999 Τ
430 2975 588 3000 sssssss
1415 2963 1471 3003 20
