1988 3106
148 146 216 199 16
760 135 809 178 Ρ.
841 128 1068 176 PAPINII
1099 124 1299 172 STATII

142 260 324 334 Digna
362 262 493 325 deae
527 257 678 311 sedes
715 251 917 314 uiridis,
953 264 1053 300 nec
1091 244 1269 298 sordet
1297 242 1366 294 ab
1405 237 1579 291 astris,

146 339 248 392 Hic
286 336 516 404 Libycus
554 327 925 398 Phrygiusque
965 321 1111 382 silex,
1146 318 1235 370 hie
1272 315 1404 367 dura
1439 310 1713 363 Laconum

149 412 289 466 Saxa
326 409 523 474 uirent3
561 404 649 456 hic
686 401 852 453 flexus
893 412 1035 464 onyx
1073 395 1127 444 et
1164 389 1412 443 concolor
1443 385 1552 437 alto

150 486 303 539 Uena
339 481 474 534 mari
510 491 774 546 rupesque
811 471 1004 536 nitent,
1052 465 1170 534 quis
1207 476 1446 531 purpura
1484 471 1642 523 saepe
1824 461 1910 502 150

152 558 366 612 Oebalis
405 557 459 606 et
496 550 650 619 Tyrii
686 545 990 599 moderator
1026 540 1160 591 liuet
1197 535 1331 587 aeni.

150 631 394 685 Pendent
428 621 723 679 innumeris
760 616 980 685 fastigia
1017 613 1144 665 nixa
1181 605 1464 672 columnis;

154 706 373 759 Robora
409 697 711 753 Dalmatico
750 692 931 744 lucent
969 686 1163 739 satiata
1200 680 1430 734 metallo.

155 776 463 833 Excludunt
499 770 677 824 radios
717 765 866 819 siluis
904 761 1134 814 demissa
1169 754 1396 807 uetustis

157 853 398 921 Frigora,
436 842 701 916 perspicui
738 838 932 891 uiuunt
967 834 1026 886 in
1062 845 1327 883 marmore
1364 825 1558 877 fontes,
1835 825 1919 867 155

157 923 272 978 Nec
312 922 493 976 seruat
530 920 724 969 natura
761 912 929 964 uices:
967 906 1054 959 hic
1094 903 1262 957 Sirius
1303 899 1462 968 alget,

160 997 362 1051 Bruma
399 995 567 1061 tepet,
605 1000 925 1053 uersumque
964 980 1152 1032 domus
1192 974 1295 1027 sibi
1331 969 1596 1038 temperat
1634 981 1848 1018 annum.
1926 1003 1939 1027 ·,

162 1072 384 1124 Exultat
421 1068 541 1119 uisu
578 1062 838 1128 tectisque
876 1052 1110 1124 potentis
1151 1050 1396 1101 alumnae

164 1145 292 1198 Non
331 1159 481 1195 secus
521 1138 662 1190 alma
676 1133 858 1186 Uenus
898 1144 1059 1197 quam
1097 1124 1143 1175 si
1179 1119 1405 1187 Paphon
1443 1129 1670 1182 aequore
1711 1110 1778 1162 ab
1819 1107 1937 1159 altor·

167 1218 468 1284 Idaliasque
507 1212 693 1263 domos
731 1203 1069 1272 Erycinaque
1099 1195 1301 1262 templa
1340 1189 1556 1244 subiret„
1845 1192 1898 1231 16

170 1293 322 1344 Τ11110
360 1290 533 1357 ipsam
572 1282 689 1335 solo
728 1276 981 1331 reclinem
1019 1270 1202 1323 adfata
1238 1264 1423 1318 cubili:

172 1365 443 1428 ‘Quonam
480 1359 568 1411 hic
605 1371 772 1423 usque
813 1365 973 1417 sopor
1003 1343 1262 1410 uacuique
1301 1334 1562 1390 modestia
1599 1328 1740 1396 lecti,

173 1439 218 1493 Ο
257 1436 389 1490 mihi
426 1431 717 1486 Laurentes
756 1426 895 1476 inter
933 1419 1127 1471 dilecta
1164 1410 1404 1482 puellas?

175 1512 306 1574 Quis
345 1524 554 1560 morum
589 1502 814 1568 fideique
855 1490 1078 1547 modus?
1119 1499 1477 1553 numquamne
1515 1478 1659 1531 uirili

114 1589 122 1593 ”
177 1583 519 1639 Summittere
556 1573 720 1644 iugo?
759 1568 938 1623 ueniet
973 1567 1080 1617 iam
1117 1560 1326 1613 tristior
1364 1557 1525 1608 aetas
1852 1557 1904 1598 16

177 1660 380 1712 Exeree
417 1654 646 1706 formam
689 1648 743 1698 et
780 1637 1112 1710 fugientibus
1149 1636 1297 1685 utere
1336 1628 1504 1681 donis,
1932 1630 1937 1636 ⁴

178 1731 306 1784 Non
341 1728 460 1781 ideo
498 1724 599 1776 tibi
635 1720 744 1773 tale
784 1717 942 1768 decus
979 1711 1265 1775 uultusque
1305 1701 1564 1770 superbos

180 1804 374 1872 Meque
414 1798 549 1866 dedi,
586 1794 776 1848 uiduos
813 1791 876 1841 ut
910 1781 1278 1837 transmittare
1315 1793 1411 1845 per
1450 1789 1620 1825 annos
1937 1762 1962 1851 l

185 1877 296 1931 Ceu
333 1892 446 1927 non
484 1888 608 1924 cara
645 1864 792 1919 mihi.
869 1859 1000 1913 satis
1040 1874 1071 1908 0
1111 1853 1438 1917 nimiumque
1475 1846 1681 1914 priores
1956 1854 1961 1867 ¹

183 1948 502 2018 Despexisse
540 1957 745 2012 procos,
822 1938 877 1986 at
914 1931 1056 1983 enim
1092 1927 1179 1980 hie
1216 1924 1317 1976 tibi
1357 1919 1615 1988 sanguine
1652 1918 1769 1969 toto
1861 1923 1950 1964 170

185 2024 412 2078 Deditus
450 2035 613 2070 unam
652 2027 836 2065 omnes
874 2008 1013 2058 inter
1049 2001 1272 2054 miratur
1310 1997 1572 2062 amatque,

186 2097 303 2151 Nec
339 2096 545 2147 formae
583 2105 680 2141 nee
719 2081 899 2150 stirpis
940 2093 1125 2146 egens:
1164 2089 1286 2123 nam
1329 2069 1487 2120 docta
1524 2082 1619 2132 per
1657 2062 1843 2113 urbem

193 2168 444 2224 Carmina
482 2163 573 2232 qui
610 2164 843 2220 iuueneS‚
884 2167 1018 2222 quae
1056 2164 1167 2199 non
1197 2143 1422 2196 didicere
1461 2135 1706 2207 puellae?

190 2245 352 2298 Hunc
391 2243 445 2292 et
480 2238 563 2290 bis
604 2250 760 2286 senos
799 2227 899 2299 (sic
935 2217 1271 2289 indulgentia
1306 2215 1497 2283 pergat
1948 2256 1950 2259 v

193 2314 458 2372 Praesidis
498 2303 747 2374 Ausonii)
788 2316 968 2354 cernes
1007 2293 1250 2346 attollere
1289 2289 1459 2341 fasces
1869 2283 1963 2328 175>

195 2392 338 2444 Ante
378 2387 538 2451 diem3
578 2382 719 2433 certe
757 2377 864 2427 iam
904 2386 1046 2422 nunc
1084 2361 1337 2433 Gybeleia
1373 2358 1528 2411 nouit

197 2463 410 2517 Limina
448 2461 502 2510 et
537 2451 806 2507 Euboicae
845 2459 1058 2498 carmen
1094 2436 1226 2506 legit
1263 2434 1351 2486 ille
1390 2430 1638 2498 Sibyllae.

323 2712 405 2752 147
444 2702 606 2748 uiridis
646 2703 674 2740 c
713 2712 740 2739 a
778 2695 848 2750 (de
886 2695 924 2734 A
965 2701 1058 2732 ‘non
1089 2684 1268 2741 liquet).-
1299 2677 1458 2723 nitidis
1489 2675 1620 2720 Dom.
1646 2674 1661 2729 ΙΙ
1686 2675 1770 2715 150
1802 2663 1961 2723 saepe}

206 2767 328 2814 cedit
361 2762 559 2814 Markl.;
599 2761 714 2814 puto
760 2752 916 2798 sordet
958 2749 974 2804 ΙΙ
1028 2750 1113 2790 154
1145 2740 1343 2786 demissa
1375 2741 1423 2779 c:
1456 2735 1645 2778 decussa
1692 2734 1720 2774 ς
1754 2744 1780 2771 a
1816 2730 1832 2784 [l
1874 2728 1962 2769 161,

204 2826 424 2872 recliuem
457 2826 485 2863 G
516 2835 543 2862 a
565 2821 580 2875 Η
605 2821 687 2860 169
722 2814 847 2858 clara
878 2814 906 2851 c
937 2823 964 2849 a
986 2807 1001 2862 11
1028 2809 1109 2848 176
1141 2799 1290 2844 mouit
1321 2801 1349 2838 C
1381 2811 1408 2837 a
