2020 3106
271 152 343 205 48
872 155 922 200 Ρ.
954 154 1184 199 PAPINII
1217 154 1417 200 STATII

277 272 507 344 Sectari,
549 279 643 329 aut
682 274 901 328 timidas
941 293 1137 344 passus
1177 294 1262 329 me
1303 276 1522 346 cuspide
1561 277 1744 346 lyncas

277 347 547 419 Sternere,
588 349 682 402 sed
721 350 909 403 tristes
949 351 1171 404 turbare
1211 351 1480 404 cubilibus
1520 369 1677 404 ursos

183 434 250 467 410
273 421 686 493 Fulmincosque
727 441 871 493 sueS,
911 428 966 477 et
1007 425 1180 478 sicubi
1219 426 1460 478 maxima
1496 425 1657 495 tigris

274 495 388 550 Aut
428 498 648 551 seducta
686 499 829 568 iugis
869 498 1013 551 fetae
1054 499 1310 568 spelunca
1349 500 1583 552 leaenae.
1886 513 1968 555 125

273 570 396 639 Ipse
437 572 627 625 sedens
666 575 822 625 vasto
861 573 1006 626 facta
1046 573 1396 643 exspectabat
1434 574 1492 626 in
1529 577 1710 643 antr0,

274 644 331 697 Si
371 664 590 714 sparsus
630 664 831 717 magno
869 665 1165 700 remearem
1206 648 1492 718 sanguine3
1530 666 1630 701 nec
1669 666 1754 701 me

270 720 413 772 Ante
452 721 558 773 nisi
595 721 856 790 inspectis
897 722 1117 774 admisit
1156 721 1225 774 ad
1263 723 1448 775 oscula
1485 723 1625 775 telis,

184 805 248 836 41⁵
270 791 493 864 Iamque
533 798 588 848 et
627 795 693 848 ad
733 795 995 849 ensiferos
1034 796 1217 850 vicina
1252 797 1394 866 pube
1434 797 1701 850 tumultus

271 867 540 939 Aptabar,
578 887 676 923 nec
714 888 800 923 me
839 871 952 922 ulla
988 870 1092 923 feri
1130 869 1395 924 Mavortis
1433 871 1616 940 imago
1857 885 1968 924 '130

269 942 575 996 Praeteriit.
650 943 852 1013 Didici,
892 962 996 1013 quo
1036 944 1278 998 Paeones
1319 963 1468 998 arma
1506 948 1713 1015 rotatu,

271 1015 390 1079 Quo
430 1016 674 1072 Macetae
714 1037 812 1071 sua
851 1036 982 1089 gesa
1022 1019 1215 1089 citent,
1254 1037 1360 1089 quo
1400 1019 1616 1072 turbine
1657 1023 1877 1073 contum

270 1089 618 1145 Sauromates
657 1093 957 1162 falcemque
997 1091 1161 1147 Getes
1201 1112 1489 1163 arcumque
1529 1093 1767 1147 Gelonus

180 1177 249 1210 420
272 1165 556 1236 Tenderet,
597 1169 651 1219 et
687 1167 856 1220 flexae
896 1167 1210 1221 Balearicus
1251 1171 1402 1221 actor
1439 1168 1682 1222 habenae

269 1238 386 1302 Quo
428 1259 690 1309 suspensa
728 1241 951 1294 trahens
989 1242 1217 1296 libraret
1247 1243 1474 1296 vulnera
1511 1245 1659 1296 tortu
1882 1256 1964 1296 135

266 1312 647 1385 Inclusumque
688 1334 784 1369 suo
825 1316 1187 1387 distingueret
1226 1335 1351 1371 aera
1391 1334 1541 1387 ger.

267 1386 375 1440 Vix
417 1407 710 1443 memorem
749 1393 992 1459 cunctos,
1033 1391 1138 1443 etsi
1176 1391 1313 1444 bene
1352 1392 1643 1462 gessimus,
1684 1393 1850 1445 actus,
1998 1403 2020 1442 ἒ

269 1460 427 1515 Nunc
467 1464 623 1517 docet
660 1464 909 1535 ingentes
949 1465 1092 1518 saltu
1131 1484 1217 1519 me
1257 1465 1479 1536 iungere
1517 1465 1717 1535 fossas,
1992 1477 2012 1539 ,ξ’

175 1550 242 1582 425
264 1533 421 1590 Nunc
461 1542 626 1606 caput
663 1539 797 1591 aerii
835 1540 1179 1593 scandentem
1218 1541 1478 1609 prendere
1516 1540 1741 1608 montis,

267 1608 382 1671 Quo
405 1610 617 1681 fugitur
640 1631 737 1681 per
760 1614 926 1682 plana
949 1614 1119 1683 gradu
1128 1655 1143 1684 ,
1176 1615 1571 1684 simulacraque
1594 1631 1808 1684 pugnae
1878 1627 1962 1668 140
1995 1655 1998 1660 -

263 1683 528 1754 Excipere
568 1686 842 1740 immissos
884 1690 1104 1741 curvato
1145 1689 1378 1741 umbone
1419 1689 1671 1757 molareS,

266 1756 640 1830 Ardentesque
680 1761 885 1814 intrare
926 1780 1080 1815 casas
1119 1762 1459 1831 peditemque
1499 1763 1744 1816 volantes

269 1830 469 1886 Sistere
509 1835 872 1906 quadriiugos,
948 1835 1194 1903 Memini,
1234 1836 1613 1906 rapidissimus
1651 1837 1769 1890 ibat

178 1922 245 1954 430
266 1906 540 1961 Imbribus
581 1909 818 1962 adsiduis
858 1913 1048 1978 pastus
1088 1910 1407 1980 nivibusque
1449 1911 1641 1964 solutis
1999 1980 2001 1985 Α

265 1979 562 2050 Spercheos
602 1985 859 2052 vivasque
897 1985 1082 2038 trabes
1123 1988 1177 2038 et
1218 2003 1348 2039 saxa
1385 1985 1615 2039 ferebat:
1876 1999 1958 2038 145
1996 1991 2009 2030 ἒ

2000 2133 2009 2162 ῑ

383 2194 465 2235 122
505 2189 653 2234 lineas
685 2194 717 2232 P
750 2190 960 2234 dammas
993 2190 1118 2234 PcG²
1149 2191 1310 2235 damas
1333 2195 1379 2233 Μ
1416 2192 1432 2249 ΙΙ
1475 2196 1556 2235 123
1596 2205 1725 2236 ursos
1757 2196 1790 2233 P
1828 2205 1958 2235 ursas

262 2250 395 2292 ceteri
417 2250 433 2306 ΙΙ
458 2253 542 2293 129
574 2250 766 2306 Iamque
799 2251 847 2294 et
878 2249 1098 2295 ensiferos
1128 2255 1162 2293 P
1193 2252 1384 2308 Iamque
1416 2250 1476 2295 ad
1501 2249 1723 2295 ensiferos
1748 2256 1806 2295 Pe
1819 2250 1957 2308 621111

269 2313 351 2351 132
385 2309 573 2352 contum
596 2312 719 2351 AGL
761 2311 835 2362 (ut
863 2310 1150 2354 scribendum
1182 2314 1451 2354 censuerant
1483 2310 1812 2354 Maturantius
1842 2310 1954 2354 Bri-
2008 2332 2015 2341 ’κ

263 2368 480 2411 tannicus
532 2368 790 2424 Bentleius)
835 2370 1041 2412 caestum
1094 2374 1129 2411 1)
1179 2369 1278 2413 edd.
1325 2374 1431 2414 ante
1472 2369 1717 2426 Queckium
1766 2369 1955 2414 contum
2018 2419 2020 2423 ¹

250 2426 331 2477 >vel
359 2426 520 2470 restim
551 2426 744 2483 Lipsius
775 2428 978 2471 cestrum
1010 2427 1215 2485 Scaliger
1244 2429 1260 2486 ΙΙ
1302 2433 1384 2473 133
1418 2442 1670 2485 arcumque
1704 2428 1843 2473 Getes
1868 2429 1957 2472 fal-

264 2498 456 2540 cemque
488 2486 692 2530 Gelonus
723 2486 951 2530 Bar-thius
973 2487 989 2543 ΙΙ
1015 2492 1100 2531 134
1131 2489 1291 2532 textae
1334 2488 1556 2532 Menkius
1592 2488 1608 2544 ΙΙ
1648 2492 1732 2535 135
1765 2488 1958 2532 vulnera

261 2545 415 2588 tractu
432 2549 477 2587 M
499 2546 516 2601 ΙΙ
541 2550 624 2589 136
645 2545 973 2602 Inclusumque
1006 2561 1088 2591 suo
1121 2546 1431 2604 distingueret
1460 2551 1494 2590 P
1520 2547 1674 2591 Paris.
1699 2549 1854 2592 11324
1884 2547 1956 2590 In-

263 2603 440 2648 clusum
472 2605 686 2661 quotiens
718 2603 1000 2662 discingeret
1028 2605 1154 2650 PoG²
1193 2606 1427 2651 Inclusum
1458 2606 1672 2663 quotiens
1701 2606 1955 2664 distingue-

259 2664 333 2707 ret
363 2667 452 2706 GH
498 2664 734 2709 Inclusum
766 2665 948 2720 quoties
980 2665 1282 2722 distringeret
1312 2667 1409 2711 edd.
1434 2666 1450 2722 ΙΙ
1483 2668 1566 2710 137
1595 2665 1714 2710 bene
1738 2670 1771 2708 P
1816 2665 1954 2709 modo

261 2724 394 2766 ceteri
416 2724 432 2779 ΙΙ
457 2727 542 2767 138
572 2723 786 2780 ingentes
816 2727 850 2765 P
887 2723 1069 2781 ingenti
1099 2726 1233 2769 ceteri
1267 2727 1273 2781 Ι
1313 2738 1390 2769 mc
1419 2724 1603 2769 vincere
1643 2724 1924 2769 Solio-aderas
1939 2724 1954 2782 Η

263 2786 345 2824 139
388 2782 670 2838 pendentem
706 2782 928 2827 scandere
958 2783 1183 2828 Heinsius
1227 2785 1244 2840 ΙΙ
1290 2789 1373 2828 141
1424 2785 1606 2828 scutato
1651 2784 1852 2828 umbone
1891 2783 1954 2842 ΡΗ

262 2844 345 2883 142
375 2842 694 2898 Ardentesque
728 2856 879 2887 errare
911 2847 944 2884 P
989 2844 1004 2899 ΙΙ
1052 2848 1136 2887 145
1169 2843 1394 2900 vivasque
1434 2843 1592 2888 trabes
1624 2847 1657 2885 P
1704 2843 1952 2900 vulsasque

259 2900 416 2944 trabes
448 2900 630 2943 P0G211
676 2901 955 2958 avulsasque
987 2906 1029 2944 Η
1661 2934 1666 2937 -
