1988 3106
641 127 950 174 smUARUM
975 126 1025 172 L.
1060 128 1094 183 1,
1125 131 1166 172 2.
1725 128 1792 180 15

31 251 337 322 Angustum
375 248 606 319 spoliare
643 255 832 300 nemus
864 245 1256 317 Clymeneaque
1288 245 1438 300 desse

81 324 284 378 ermina
320 339 419 376 nec
455 320 652 374 uirides
692 320 820 374 satis
860 320 1196 373 inlacrimare
1236 338 1467 388 sorores;

80 397 242 451 ellera
281 394 500 450 Sidonio
538 394 646 447 iam
686 411 855 463 pauca
894 394 1172 446 rubescere
1210 393 1338 446 tabo
1707 407 1791 448 125

25 468 26 474 ’
79 486 275 540 araque
313 467 593 538 longaeuis
630 467 846 520 niuibus
887 466 1139 535 crystalla
1177 466 1361 535 gelati.

62 543 167 608 ‚uic
204 541 463 596 Hermum
502 541 755 610 fuluoque
795 539 1015 609 Tagum
1042 540 1315 592 decurrere
1354 539 1483 593 limo

107 634 165 670 ec
203 616 333 670 satis
372 614 439 668 ad
477 611 688 684 cultus),
725 613 850 666 huic
888 613 992 665 uda
1030 613 1249 666 monilia
1286 611 1550 667 Glaucum

101 694 325 760 oteaque
365 691 524 758 atque
563 704 777 740 omnem
817 684 1047 739 Nereida
1085 704 1339 755 quaerere
1378 687 1523 741 iussi.

82 781 182 817 anc
221 763 268 817 si
305 760 641 814 Thessalicos
680 759 919 827 uidisses,
957 758 1187 827 Phoebe,
1226 778 1321 828 per
1359 777 1532 829 agr08‚
1708 774 1791 814 130

32 903 41 906 ,Α
74 838 247 891 rraret
285 852 469 889 secura
506 833 747 902 Daphne.
826 833 870 886 si
909 833 965 885 in
1004 833 1159 885 litore
1198 831 1339 885 Naxi

72 935 74 938 ·
111 907 291 964 eseum
328 909 478 962 iuxta
515 907 653 960 foret
691 906 823 959 haec
862 910 1151 974 conspecta
1189 906 1376 968 cubile,

34 1048 38 1050 b
73 983 266 1040 nosida
303 981 567 1035 desertam
604 980 865 1049 profugus
905 979 1150 1048 liquisset
1190 984 1243 1032 et
1281 978 1492 1033 Euhan.

74 1057 180 1111 uod
218 1055 322 1109 nisi
359 1072 444 1108 me
482 1053 661 1123 longis
700 1053 966 1122 placasset
1004 1051 1138 1105 Iuno
1178 1052 1421 1122 querelis,

101 1131 214 1184 lsus
252 1129 377 1182 huic
414 1127 608 1198 pinnas
648 1129 940 1179 etcornua
979 1129 1212 1178 sumeret
1251 1125 1466 1179 aethrae
1705 1140 1789 1182 135

107 1208 236 1273 ctor,
274 1203 332 1255 in
367 1201 508 1254 hanc
546 1218 674 1253 uero
714 1199 990 1252 cecidisset
1027 1197 1229 1267 Iupiter
1267 1217 1413 1252 auro,

96 1278 130 1331 d
169 1275 381 1330 dabitur
418 1273 613 1342 iuueni,
652 1273 736 1326 cui
774 1275 848 1339 tu,
887 1290 1006 1324 mea
1045 1290 1254 1325 summa
1291 1275 1544 1341 potestas,

78 1354 181 1420 ate,
220 1349 384 1418 cupi8‚
422 1347 647 1400 thalami
686 1346 931 1415 quamuis
970 1345 1098 1414 iuga
1137 1345 1273 1397 ferre
1314 1347 1532 1398 secundi

98 1441 194 1493 epe
232 1425 394 1492 neget
430 1437 686 1473 maerens
761 1419 934 1488 ipsam
974 1418 1079 1470 iam
1119 1418 1301 1471 cedere
1341 1420 1483 1471 sensi

91 1515 190 1567 que
229 1496 400 1549 uicem
437 1493 674 1562 tepuisse
712 1491 870 1544 uir0.'
948 1491 1022 1543 sic
1062 1491 1176 1543 fata
1215 1492 1417 1544 leuauit
1703 1506 1788 1547 140

120 1587 269 1624 ereos
308 1571 456 1621 artus
493 1566 823 1634 thalamique
862 1582 1077 1634 egressa
1117 1565 1404 1632 superbum

87 1662 212 1697 men
250 1641 574 1710 Amyclaeos
616 1638 682 1691 ad
722 1638 874 1690 frena
912 1638 1101 1690 citauit
1140 1638 1330 1690 olores.

28 1775 30 1778 ,
63 1711 68 1720 ’
127 1717 206 1787 git
243 1715 413 1769 Amor
449 1714 753 1781 laetamque
792 1710 993 1764 uehens
1033 1728 1127 1778 per
1165 1711 1351 1763 nubila
1390 1714 1615 1765 matrem

0 1798 3 1845 ζ
30 1846 48 1858 ,ἡ
72 1791 304 1844 emmato
342 1793 556 1843 temone
596 1785 756 1838 sedet.
831 1785 938 1837 iam
978 1783 1263 1851 Thybridis
1302 1802 1449 1837 arces

0 1860 240 1919 ‘niacaez
279 1861 469 1932 pandit
506 1859 704 1912 nitidos
743 1858 931 1911 domus
963 1857 1075 1909 alta
1107 1861 1343 1925 penates,
1701 1871 1786 1911 145

25 1934 282 2006 Olaraque
321 1934 615 2005 gaudentes
654 1932 967 2001 plauserunt
1005 1931 1193 1983 limina
1232 1931 1410 2000 cygni.

28 2158 60 2210 3}
141 2186 238 2227 135.
293 2179 617 2226 Priscianus
646 2176 690 2220 II
720 2192 765 2234 p.
801 2181 855 2220 10
886 2176 942 2220 H.
990 2174 1192 2220 ‘Statius
1225 2189 1406 2232 quoque
1436 2177 1568 2221 huic
1598 2177 1785 2222 uidetur

4 2263 5 2270 κ
78 2236 639 2344 οῗὲξίεἰρῗθῗὶαξὲῗξξι
668 2235 718 2279 in
747 2235 897 2292 primo
928 2234 1147 2278 siluarum
1180 2270 1188 2278 .
1223 2267 1234 2277 .
1268 2268 1278 2278 .
1313 2268 1323 2278 .
1362 2235 1485 2279 idem
1517 2235 1566 2279 in
1596 2237 1781 2281 eodem:

138 2538 222 2578 123
254 2533 514 2590 Angustum
545 2534 583 2573 A
613 2535 663 2574 G:
695 2530 957 2597 Augustum
989 2532 1018 2572 ς
1047 2529 1052 2583 Ι
1081 2526 1302 2584 spoliasse
1339 2526 1561 2571 Heinsius
1587 2529 1594 2583 Ι
1622 2527 1780 2572 deesse

71 2606 106 2636 a
135 2593 151 2650 ΙΙ
183 2596 266 2636 127
292 2591 424 2635 ‘Hinc
463 2595 492 2633 0
522 2605 550 2633 a
579 2591 595 2646 ΙΙ
627 2592 709 2632 128
741 2589 849 2631 hinc
878 2587 972 2631 uda
1003 2591 1031 2629 G
1062 2601 1108 2635 a:
1149 2586 1264 2629 Inda
1294 2586 1425 2629 Dom.
1458 2588 1474 2642 ΙΙ
1507 2591 1587 2629 131
1621 2599 1781 2630 secura

113 2651 227 2694 hnes
249 2649 298 2694 in
323 2649 392 2694 lit.
418 2653 460 2703 c,
492 2662 604 2692 corr.
627 2647 814 2700 Tollius,
843 2647 937 2690 nisi
959 2647 1077 2701 quod
1106 2644 1154 2688 in
1186 2645 1346 2688 omisit.
1381 2644 1587 2699 daphnes
1619 2658 1781 2689 secura

78 2664 167 2753 1lit.
199 2723 226 2751 a
258 2709 274 2765 u
314 2712 397 2752 135
443 2707 607 2751 Falsus
641 2705 913 2749 Priscianus
949 2708 987 2746 Δ
1025 2709 1074 2748 G:
1116 2703 1274 2747 Falsas
1317 2707 1345 2746 ς
1385 2703 1391 2758 Ι
1425 2702 1589 2758 pinnas
1619 2704 1780 2759 optimi

71 2768 257 2812 v‘ciam'
302 2767 451 2812 codd.:
494 2777 669 2823 pennas
711 2768 749 2806 A
798 2768 827 2806 c
869 2765 885 2820 ΙΙ
932 2767 1015 2807 136
1068 2761 1198 2819 uero]
1249 2761 1339 2805 alio
1390 2761 1562 2807 Markl.
1607 2762 1775 2806 iterum

167 2837 319 2871 mmm
