2020 3106
207 107 276 158 14
775 105 825 150 P.
857 104 1091 149 PAPINII
1123 105 1326 150 STATII

278 227 396 279 Iam
436 227 636 295 premit
677 229 824 279 astra
863 225 978 278 dies
1026 225 1325 295 humilique
1365 243 1430 278 ex
1470 243 1697 295 aequore
1739 225 1900 278 Titan

203 299 473 353 Rorantes
514 300 716 353 evolvit
755 317 921 369 equos
962 303 1017 351 et
1057 299 1124 351 ab
1165 299 1384 353 aethere
1423 316 1623 369 magno

209 373 496 427 Sublatum
537 393 695 427 curru
734 375 960 443 pelagus
1001 373 1166 442 cadit,
1206 392 1268 427 ac
1306 373 1446 427 vada
1484 377 1659 426 mater

208 447 396 517 Scyria
434 448 747 500 iamdudum
785 448 980 500 fluctus
1021 465 1239 500 emensa
1277 448 1521 516 tenebat,
1814 460 1901 499 245

205 522 571 591 Exierantque
610 522 738 592 iugo
778 520 911 574 fessi
949 521 1230 590 delphines
1267 521 1452 574 herili:

208 594 342 648 Cum
382 595 535 665 pueri
573 595 892 647 tremefacta
930 595 1081 664 quies
1123 595 1368 664 oculique
1407 594 1635 648 iacentis

207 669 455 722 Infusum
496 688 710 722 sensere
749 669 906 721 diem.
984 667 1178 738 Stupet
1217 687 1338 721 aere
1376 668 1577 738 primo,

208 743 358 805 Quae
396 744 538 812 loca,
579 743 671 812 qui
709 744 925 810 fluctm,
964 743 1058 795 ubi
1096 742 1320 796 Pelion?
1398 741 1595 795 Omnia
1634 761 1792 795 versa

205 816 387 885 Atque
426 818 617 887 ignota
655 817 801 870 videt
840 816 1158 886 dubitatque
1199 834 1492 887 agnoscere
1532 819 1777 870 matrem.
1817 829 1903 870 250

209 889 450 959 Occupat
488 891 584 943 illa
622 910 789 944 manu
826 890 1128 960 blandeque
1168 890 1354 943 adfata
1391 893 1701 959 paventem:

208 962 286 1016 ‘Si
324 964 482 1032 mihi,
522 983 643 1017 care
683 983 839 1033 puer,
877 964 1149 1018 thalamos
1191 983 1307 1017 sors
1348 983 1520 1034 aequa
1557 965 1793 1033 tulisset,

210 1036 355 1099 Quos
396 1039 584 1106 dabat,
624 1038 881 1091 aetheriis
922 1055 1022 1108 ego
1062 1042 1117 1091 te
1159 1038 1439 1107 complexa
1476 1041 1719 1091 tenerem

211 1110 369 1165 Sidus
410 1113 614 1181 grande
653 1112 856 1182 plagis,
895 1112 1187 1182 magnique
1224 1130 1493 1181 puerpera
1532 1113 1667 1165 caeli

207 1185 304 1238 Nil
343 1185 575 1239 humiles
613 1186 814 1239 Parcas
853 1189 1174 1255 terrenaque
1212 1186 1328 1238 fata
1367 1204 1594 1239 vererer.
1818 1198 1903 1239 255

209 1257 369 1312 Nunc
406 1260 582 1329 impar
620 1260 745 1329 tibi,
783 1263 933 1324 nate,
973 1277 1164 1330 genuS‚
1204 1261 1591 1329 praeclusaque
1629 1260 1727 1312 leti

209 1332 446 1385 Tantum
480 1353 512 1387 a
542 1337 715 1387 matre
741 1334 828 1387 via
853 1337 955 1403 est3
989 1334 1119 1403 quin
1143 1336 1198 1387 et
1221 1333 1512 1386 metuenda
1535 1335 1905 1403 propinquant

208 1406 477 1476 Tempora
518 1411 572 1460 et
611 1408 865 1460 extremis
906 1407 1124 1460 admota
1161 1408 1401 1476 pericula
1439 1408 1616 1461 metis.

210 1478 499 1550 Cedamm,
538 1482 866 1550 paulumque
906 1482 1115 1534 animos
1155 1482 1415 1534 submitte
1452 1481 1639 1534 viriles

210 1554 390 1623 Atque
428 1555 648 1608 habitus
689 1555 912 1623 dignare
950 1573 1116 1608 meos,
1194 1553 1251 1607 Si
1288 1555 1460 1623 Lydia
1497 1555 1631 1607 dura
1818 1569 1905 1608 260
1998 1524 2005 1553 ³

209 1627 385 1696 Pensa
425 1647 590 1681 manu
627 1629 924 1698 mollesque
963 1628 1091 1680 tulit
1129 1627 1451 1697 Tirynthius
1491 1628 1703 1698 hastas,

211 1698 270 1754 Si
310 1702 461 1755 decet
500 1705 692 1755 aurata
729 1702 1005 1755 Bacchum
1043 1702 1277 1772 vestigia
1313 1702 1463 1770 palla

213 1774 466 1845 Verrere,
505 1776 776 1845 virgineos
818 1777 864 1828 si
901 1776 1146 1845 Iuppiter
1182 1776 1362 1828 induit
1401 1779 1550 1829 artus
1560 1818 1573 1844 ,

215 1847 330 1901 Nee
368 1867 627 1919 magnum
668 1851 912 1920 ambigui
949 1851 1227 1920 fregerunt
1265 1847 1476 1902 Caenea
1514 1868 1692 1904 sexus:

215 1922 333 1976 Has
367 1923 498 1991 sine,
530 1941 743 1992 quaeso,
774 1925 949 1977 minas
973 1926 1277 1992 nubemque
1302 1923 1448 1976 exire
1471 1924 1782 1994 malignam.
1823 1936 1908 1978 265

211 1995 342 2049 Mox
379 1997 577 2050 iterum
618 2016 861 2067 campos,
900 1999 1095 2051 iterum
1137 1997 1458 2051 Centaurica
1494 1998 1714 2051 reddam

211 2069 410 2123 Lustra
447 2071 571 2124 tibi:
611 2090 708 2140 per
748 2089 848 2142 ego
888 2072 991 2125 hoc
1031 2073 1192 2124 decus
1234 2074 1289 2124 et
1326 2074 1556 2124 ventura
1595 2073 1846 2126 iuventae

213 2143 442 2214 Gaudia,
483 2145 530 2197 si
568 2148 743 2198 terras
782 2146 1146 2215 humilemque
1187 2147 1409 2213 experta
1446 2146 1704 2198 maritum

214 2217 289 2270 Te
328 2223 570 2287 propter,
612 2221 658 2271 si
696 2220 1042 2290 progenitum
1084 2219 1286 2289 Stygos
1327 2236 1483 2271 amne
1524 2238 1710 2272 severo

331 2350 373 2379 v.
409 2339 508 2379 269.
560 2335 707 2380 Serv.
741 2335 802 2378 ad.
832 2335 971 2391 Verg.
1004 2337 1118 2379 Aen.
1151 2335 1216 2380 VI
1247 2341 1328 2381 57:
1373 2336 1514 2381 ‘unde
1549 2335 1748 2380 Statius:
1789 2334 1828 2378 si
1857 2336 1905 2379 te

330 2442 416 2481 242
450 2438 710 2493 humilique
734 2444 767 2481 P
797 2438 1089 2493 humilesque
1113 2442 1156 2480 11
1186 2438 1496 2495 humidusque
1529 2444 1593 2484 Gt
1625 2436 1907 2493 humilisque

212 2495 372 2550 PcG2p
396 2498 412 2553 ΙΙ
434 2502 523 2542 244
553 2511 607 2541 ac
638 2497 709 2551 (in
739 2501 854 2553 ras.)
885 2496 942 2538 G²
972 2498 1032 2540 ad
1056 2501 1089 2539 P
1121 2498 1171 2541 at
1193 2498 1442 2556 P0M11245
1468 2499 1641 2543 emissa
1663 2501 1696 2538 P
1728 2510 1906 2540 emersa

212 2559 254 2597 Η
276 2557 292 2612 ΙΙ
315 2560 401 2600 247
434 2557 651 2612 patentes
666 2560 699 2598 P
729 2556 933 2600 iacentes
948 2556 1084 2598 G²Ht
1099 2559 1323 2612 paventes
1338 2557 1647 2602 Baehrensius
1662 2554 1676 2613 Η
1693 2560 1779 2599 249
1803 2569 1905 2599 ver-

213 2616 286 2659 sat
309 2614 427 2657 (3211
457 2617 472 2672 ΙΙ
511 2620 597 2660 252
629 2615 817 2659 tulisset
847 2619 879 2657 P
918 2615 1123 2659 dedisset
1153 2617 1286 2660 ceteri
1315 2617 1331 2673 ΙΙ
1362 2620 1447 2660 255
1488 2616 1621 2660 Nihil
1643 2619 1676 2656 P
1709 2615 1725 2670 ΙΙ
1759 2617 1844 2658 257
1877 2627 1906 2658 a

212 2675 362 2718 matre
386 2678 419 2716 P
442 2679 592 2718 matre
618 2675 749 2718 ceteri
774 2688 878 2718 ame
902 2675 1009 2730 (pro
1034 2688 1062 2717 a
1085 2678 1182 2718 mre
1200 2696 1255 2711 =
1274 2689 1302 2718 a
1326 2677 1494 2732 matre)
1518 2681 1538 2717 t
1560 2675 1576 2731 ΙΙ
1606 2677 1692 2718 259
1725 2673 1905 2729 depone

213 2732 372 2777 viriles
389 2739 410 2775 t
439 2734 455 2790 ΙΙ
492 2738 579 2778 260
611 2733 764 2777 auitus
796 2737 828 2775 P
851 2733 867 2790 ΙΙ
891 2737 976 2776 265
1016 2733 1280 2790 nubemque
1311 2738 1344 2776 P
1375 2748 1640 2790 numenque
1667 2733 1799 2776 ceteri
1822 2746 1905 2774 nu-

214 2805 484 2848 merumque
516 2799 537 2836 t
568 2793 867 2847 animumque
900 2792 1068 2835 Venett.
1098 2791 1103 2850 Ι
1130 2793 1387 2849 malignam
1418 2797 1451 2835 P
1481 2792 1742 2849 malignum
1770 2790 1905 2834 ceteri

214 2850 306 2905 (C'f.
330 2851 464 2896 Theb.
490 2853 526 2894 I
546 2854 638 2896 124
664 2852 734 2894 ΙΙ
755 2854 845 2896 321
873 2850 959 2894 IV
980 2853 1071 2895 512
1103 2851 1215 2898 Silv.
1238 2853 1275 2895 I
1295 2855 1339 2907 3,
1362 2856 1474 2908 109)
1496 2853 1512 2909 ΙΙ
1536 2856 1620 2896 267
1650 2851 1840 2920 iubente
1871 2852 1905 2890 P
