1976 3126
654 180 1002 244 THEBAmo's
1033 197 1146 243 Lm.
1180 196 1257 243 1x.
1692 197 1797 250 241

109 318 341 391 Sanguis
382 321 436 372 et
478 318 687 388 expulsi
726 318 988 373 salierunt
1026 317 1243 387 cuspide
1282 318 1485 372 dentes.

112 393 293 448 Ausus
334 395 452 446 erat
490 392 637 446 furto
677 392 921 446 dextram
959 391 1219 446 iniectare
1259 390 1557 463 LeonteuS,

112 467 262 521 Pone
300 467 446 521 viros
487 469 648 536 atque
689 485 840 520 arma
878 468 1077 537 latens,
1114 466 1460 537 positumque
1499 465 1755 521 trahebat

109 540 313 595 Prenso
332 540 481 595 crine
499 543 681 610 caput:
699 540 850 611 vidit,
863 558 1191 610 quamquam
1210 540 1445 611 undique
1463 540 1698 610 crebrae,
1717 553 1802 595 135

108 614 514 685 Hippomedon,
555 617 681 668 ante
722 633 818 668 ora
855 614 1059 684 minae,
1099 632 1366 684 saevoque
1405 618 1718 684 protervam

110 689 357 743 Abstulit
383 706 508 743 ense
526 707 766 760 manum3
793 688 953 742 simul
971 690 1235 758 increpat:
1263 688 1438 743 ‘Hanc
1455 688 1557 743 tibi
1573 687 1804 760 Tydeus,

111 761 329 832 Tydeus
370 762 488 832 ipse
526 762 694 834 rapit3
732 765 859 832 post
897 765 952 816 et
990 763 1234 816 confecta
1274 763 1514 817 virorum

109 835 246 890 Fata
284 836 417 890 time
457 854 791 907 magnosque
832 836 995 890 miser
1032 836 1159 906 fuge
1198 840 1423 909 tangere
1464 835 1702 891 manesl’

110 909 216 963 Ter
255 908 491 964 Cadmea
529 910 766 980 phalanx
804 913 1019 964 torvum
1059 910 1328 964 abduxere
1368 910 1619 982 cadaver,
1720 925 1804 966 140

111 983 220 1038 Ter
258 984 544 1038 retrahunt
582 983 786 1038 Danai:
828 983 997 1038 Siculi
1035 985 1184 1038 velut
1222 985 1382 1038 anxia
1420 986 1617 1055 puppis

111 1055 386 1112 Seditione
424 1058 590 1111 maris
629 1059 956 1128 nequiquam
997 1059 1251 1112 obstante
1290 1060 1556 1130 magistro

43 1165 45 1170 =
109 1130 277 1186 Errat
316 1135 371 1186 et
410 1150 598 1186 averso
638 1132 777 1186 redit
815 1133 874 1185 in
911 1132 1146 1203 vestigia
1176 1133 1312 1187 velo.

185 1204 311 1260 Non
349 1206 427 1259 ibi
468 1204 718 1260 Sidoniae
756 1206 1055 1260 valuissent
1093 1207 1296 1276 pellere
1336 1210 1527 1276 coepto

110 1279 552 1350 Hippomedonta
575 1298 767 1334 manus
775 1322 789 1351 ,
820 1298 931 1334 non
954 1280 1114 1334 illum
1138 1281 1379 1352 impacta
1404 1285 1686 1336 moverent
1720 1295 1803 1335 145

112 1353 410 1408 Tormenta
450 1354 787 1424 oppositum,
826 1355 1210 1424 formidatique
1251 1355 1499 1425 superbis

0 1402 4 1421 ἶ
48 1448 49 1454 ’
112 1427 376 1482 Turribus
416 1428 682 1497 impulsus
723 1431 994 1498 temptato
1034 1430 1271 1482 umbone
1318 1429 1596 1483 redissent.

0 1523 1 1558 3
44 1517 51 1551 τ
113 1500 218 1555 Sed
257 1519 466 1556 memor
505 1501 686 1571 Elysii
724 1503 869 1572 regis
909 1520 1185 1572 noxasque
1224 1521 1507 1557 recensens

46 1571 51 1620 ἓ
112 1574 328 1645 Tydeos
367 1576 425 1629 in
465 1575 670 1630 medios
712 1580 834 1630 astu
874 1577 1023 1629 subit
1062 1578 1230 1646 impia
1271 1595 1490 1647 campos

112 1649 434 1719 Tisiphone:
475 1667 690 1704 sensere
731 1650 874 1704 acies
916 1650 1234 1721 subitusque
1275 1651 1514 1705 cucurrit
1720 1665 1804 1705 150

113 1721 286 1777 Sudor
325 1725 478 1794 equis
520 1724 787 1794 sudorque
830 1724 984 1795 viris,
1026 1743 1353 1795 quamquam
1394 1743 1486 1779 ore
1525 1725 1753 1779 remisso

15 1837 19 1843 .
55 1835 56 1838 ,
111 1795 394 1850 Inachium
432 1798 675 1868 fingebat
712 1798 921 1868 Halyn,
959 1817 1229 1869 nusquam
1269 1800 1471 1869 impius
1513 1799 1658 1869 ignis

112 1868 485 1940 Verberaqu03
523 1874 579 1924 et
615 1872 753 1925 iussi
790 1876 1013 1926 tenuere
1054 1874 1274 1926 silentia
1315 1874 1507 1927 crines,

112 1942 283 1997 Arma
321 1944 463 2015 gerit
502 1945 757 2014 iuxtaque
796 1946 899 1998 feri
937 1947 1079 2000 latus
1117 1947 1576 2017 Hippomedontis

111 2016 324 2071 Blanda
357 2035 525 2088 genas
556 2036 849 2088 vocemque
881 2020 1054 2089 venit,
1086 2023 1274 2074 tamen
1296 2021 1390 2074 ille
1414 2021 1686 2091 loquentis
1723 2035 1805 2075 155

111 2091 385 2146 Extimuit
423 2092 606 2146 vultus
648 2093 1052 2162 admiraturque
1091 2094 1361 2148 timorem.

110 2165 215 2219 Illa
253 2168 434 2220 autem
474 2166 766 2220 lacrimans
808 2166 896 2220 ‘tu
935 2167 1097 2221 nune'
1139 2168 1242 2238 ait,
1282 2167 1511 2237 ‘inclite,
1550 2167 1755 2223 frustra

111 2239 406 2294 Exanimes
448 2240 624 2294 socios
662 2241 1053 2311 inhumataque
1095 2259 1324 2312 corpora
1364 2241 1587 2296 Graium

114 2310 358 2384 (Scilicet
395 2313 443 2368 is
481 2314 639 2368 nobis
679 2318 854 2368 metus
864 2357 878 2384 ,
918 2318 1012 2369 aut
1049 2315 1160 2368 iam
1200 2335 1327 2370 cura
1367 2317 1664 2388 sepulcri‘?)

111 2387 388 2459 Protegis3
426 2388 545 2458 ipse
585 2406 747 2442 manu
786 2388 953 2458 Tyria
991 2389 1094 2443 tibi
1135 2394 1324 2460 captus
1364 2390 1631 2445 Adrastus
1722 2406 1806 2447 160

112 2460 408 2532 Raptatur‚
446 2465 608 2532 teque
649 2466 774 2516 ante
814 2463 952 2517 alios
962 2506 976 2533 ‚
1016 2467 1071 2517 te
1110 2483 1240 2518 voce
1280 2482 1551 2534 manuque

113 2533 361 2604 Invocat3
402 2535 511 2589 heu
551 2537 1015 2607 qualemlapsare
1055 2538 1113 2591 in
1153 2540 1416 2608 sanguine
1457 2538 1593 2611 vidi,

236 2678 333 2718 132.
370 2672 575 2717 ‘excussi
607 2700 661 2707 —-
695 2674 878 2719 dentes’
914 2675 1198 2720 Priscian.
1230 2676 1272 2719 X
1304 2681 1357 2720 51
1391 2691 1437 2733 p.
1474 2680 1573 2730 541,
1607 2679 1633 2718 3
1665 2672 1722 2716 H.

236 2803 319 2843 132
361 2797 544 2843 excussi
582 2803 617 2841 G
660 2799 806 2845 Prisc.
843 2803 859 2858 ΙΙ
897 2807 979 2847 133
1027 2803 1292 2850 eiectare?
1324 2804 1339 2859 11
1373 2807 1456 2845 143
1489 2799 1586 2844 telo
1617 2804 1650 2842 P
1681 2797 1807 2842 malo

115 2859 152 2900 G
181 2857 197 2913 ΙΙ
229 2862 313 2902 145
350 2857 534 2902 intacta
564 2862 597 2900 P
627 2859 642 2915 ΙΙ
676 2863 760 2904 148
798 2874 964 2904 versus
991 2862 1044 2905 in
1074 2866 1107 2903 P
1145 2875 1288 2917 paene
1319 2862 1549 2905 extinctus
1580 2863 1644 2903 est
1673 2859 1689 2914 ΙΙ
1722 2861 1806 2902 149

115 2914 263 2960 incita
294 2930 484 2974 campos
518 2917 743 2962 Barthius
766 2919 780 2975 ΙΙ
807 2923 891 2963 159
924 2919 999 2963 his
1031 2919 1169 2963 nobis
1200 2923 1316 2963 PBL
1347 2918 1483 2964 vobis
1515 2919 1742 2963 Barthius

206 2996 346 3030 Suu-11
370 3000 551 3032 Tannus
1399 3000 1451 3038 16
