1988 3106
131 171 203 223 24
392 181 396 185 ”
734 171 788 217 Ρ.
818 169 1046 215 PAPINII
1077 169 1278 214 STATII

130 291 234 344 Hic
272 291 534 360 premitur
571 290 798 343 fecunda
835 291 983 360 quies
1022 291 1302 358 uirtusque
1341 307 1526 343 serena

130 364 332 418 Fronte
371 365 555 434 grauis
597 382 859 432 sanusque
896 364 1040 416 nitor
1077 364 1307 432 luxuque
1346 366 1587 416 carentes

130 437 382 505 Deliciae,
421 455 552 506 quas
590 437 706 505 ipse
746 437 857 489 suis
896 437 1177 505 degressus
1215 436 1443 488 Athenis

130 511 318 564 Mallet
354 511 564 563 deserto
605 510 781 562 senior
819 509 1130 579 Gargettius
1166 509 1346 578 hort03
1952 554 1953 558 ,

129 583 278 636 Haec
315 602 410 653 per
449 586 502 636 et
539 583 748 653 Aegeas
786 583 989 635 hiemes
1027 582 1383 651 Hyadumque
1420 583 1667 635 niuosum
1835 596 1892 635 95
1939 578 1947 604 ⁵

132 656 288 710 Sidus
328 660 381 709 et
420 656 622 709 Oleniis
663 657 884 725 dignum
922 656 1143 724 petiisse
1181 656 1280 708 sub
1320 656 1478 708 astris
1487 698 1501 724 ,

132 730 304 792 Quam
341 729 546 782 Maleae
585 729 847 782 credenda
884 730 1017 781 ratis
1057 727 1366 798 Siculosque
1403 747 1499 797 per
1537 733 1713 781 aestus

132 802 214 856 Sit
250 803 362 856 uia:
402 822 494 855 cur
534 803 702 856 oculis
741 803 922 855 sordet
959 803 1135 855 uicina
1173 801 1458 870 uoluptas?

129 877 231 929 Hic
267 880 362 929 tua
399 876 648 929 Tiburtes
686 875 899 929 Faunos
939 875 1121 944 chelys
1161 878 1215 928 et
1250 875 1403 927 iuuat
1438 876 1616 944 ipsum

128 951 354 1003 Alciden
391 950 694 1018 dictumque
733 950 853 1018 lyra
890 949 1092 1002 maiore
1132 946 1398 1012 Catillum,
1808 963 1892 1003 100

131 1022 235 1076 Seu
274 1023 375 1076 tibi
412 1022 710 1074 Pindaricis
752 1023 960 1074 animus
1001 1022 1318 1074 contendere
1355 1022 1574 1090 plectris

132 1095 256 1150 Siue
298 1097 493 1164 chelyn
530 1097 690 1148 tollas
728 1096 894 1148 heroa
932 1095 999 1147 ad
1037 1095 1232 1148 robora
1271 1095 1385 1147 siue

127 1170 407 1222 Liuentem
447 1169 669 1222 satiram
706 1170 865 1238 nigra
903 1168 1152 1237 rubigine
1189 1168 1368 1220 uibres

130 1242 234 1296 Seu
271 1247 366 1295 tua
403 1260 512 1294 non
551 1243 656 1294 alia
695 1242 1030 1310 splendescat
1067 1241 1295 1309 epistola
1334 1259 1474 1293 cura.

130 1315 306 1386 Digne
345 1315 521 1368 Midae
561 1314 849 1384 Croesique
888 1314 1045 1368 bonis
1084 1317 1138 1366 et
1175 1313 1394 1367 Perside
1433 1332 1580 1384 gaza,
1808 1330 1891 1369 105

126 1389 302 1442 Macte
339 1389 496 1442 bonis
538 1389 726 1440 animi!
766 1389 915 1441 cuius
956 1388 1267 1457 stagnantia
1305 1406 1429 1440 rura

126 1462 328 1516 Debuit
367 1465 421 1515 et
457 1462 613 1513 flauis
652 1461 882 1514 Hermus
920 1464 1282 1513 transcurrere
1319 1461 1450 1528 ripis

125 1535 200 1588 Et
235 1537 365 1588 limo
407 1535 715 1603 splendente
755 1534 949 1603 Tagus,
1012 1534 1087 1586 sic
1127 1533 1283 1586 docta
1320 1534 1622 1602 frequentes

127 1609 266 1677 Otia,
308 1609 385 1661 sic
425 1608 570 1660 omni
609 1608 847 1659 detersus
886 1610 1103 1675 pectora
1140 1608 1280 1659 nube
1932 1666 1934 1672 .

125 1682 314 1735 Finem
351 1681 648 1735 Nestoreae
686 1699 876 1749 precor
914 1680 1186 1750 egrediare
1226 1684 1482 1734 senectae.
1809 1695 1892 1735 110

960 1825 1055 1880 IV.

610 1926 868 1972 SOTERIA
898 1926 1126 1971 RUTILII
1156 1925 1409 1972 GALLICI.

124 2017 298 2084 Estis,
335 2017 411 2086 io,
452 2017 650 2086 superi,
689 2036 788 2070 nec
827 2016 1150 2070 inexorabile
1190 2014 1385 2069 Clotho

126 2089 314 2143 Uoluit
352 2108 501 2159 opUS,
540 2090 685 2142 uidet
723 2090 866 2142 alma
902 2090 1020 2158 pios
1059 2090 1286 2142 Astraea
1324 2089 1549 2160 Iouique

128 2162 415 2216 Conciliat!
455 2164 592 2216 uiuit
629 2164 975 2232 dubitataque
1014 2163 1188 2216 sidera
1220 2164 1393 2216 cernit

245 2399 300 2439 92
331 2395 458 2439 nitor
490 2400 541 2440 ςε
582 2395 766 2452 genitor
796 2399 825 2436 c
855 2395 993 2439 decor
1018 2398 1047 2438 ς
1079 2410 1107 2438 a
1135 2396 1152 2451 ΙΙ
1181 2399 1237 2439 93
1269 2395 1502 2452 digressus
1531 2400 1562 2439 c
1591 2412 1633 2452 a,
1673 2399 1849 2442 correxi
1878 2397 1893 2457 ΙΙ
1935 2403 1941 2419 ·‘

126 2459 183 2497 94
213 2453 477 2510 gargeticus
512 2457 613 2498 orto
638 2459 666 2496 c
697 2452 934 2510 gargetius
957 2457 995 2495 A
1024 2455 1040 2508 ΙΙ
1070 2458 1125 2497 95
1157 2453 1466 2510 Hyadumque
1489 2454 1731 2499 Heinsius·
1774 2457 1890 2513 plia-
1942 2498 1947 2509 ,

126 2512 328 2567 dumque
361 2517 389 2553 c
420 2527 448 2553 a
478 2514 493 2567 ΙΙ
534 2517 588 2556 97
623 2512 771 2565 Quam
794 2513 981 2567 scripsi:
1014 2511 1063 2555 Si
1094 2516 1122 2553 c
1154 2527 1200 2562 ας
1241 2513 1294 2555 in
1323 2514 1559 2557 enuntiato
1590 2515 1748 2569 priore
1786 2529 1891 2570 sup-

123 2571 249 2625 pleas
279 2570 433 2626 potius
457 2572 472 2626 ΙΙ
497 2576 579 2615 102
612 2571 752 2615 tollas
774 2574 831 2614 A:
863 2569 992 2614 tollis
1023 2575 1050 2612 c
1080 2572 1096 2626 fl
1130 2575 1212 2614 103
1235 2570 1389 2615 uibres
1420 2571 1702 2616 Scriuerius:
1731 2574 1890 2618 turbes
1939 2571 1946 2620 l

126 2633 154 2670 c
184 2644 211 2670 a.
241 2630 400 2684 turpes
433 2629 679 2673 Geuartius
702 2632 717 2685 [Ι
743 2634 826 2672 104
856 2643 947 2672 non
986 2629 1085 2672 alta
1114 2629 1481 2686 Lindenbroyius
1510 2631 1526 2687 ΙΙ
1562 2635 1645 2675 109
1679 2631 1891 2676 detersus
1940 2663 1942 2666 -

125 2686 366 2731 Heinsius:
402 2688 611 2731 detectus
645 2693 672 2729 c
704 2703 731 2730 a
1937 2714 1943 2721 «

246 2745 326 2790 IV.
397 2746 450 2789 i‘n
489 2747 621 2789 titulo
659 2745 889 2790 RUTILII
929 2749 986 2788 A:
1027 2745 1171 2788 rutuli
1204 2750 1232 2788 G
1265 2747 1281 2801 ΙΙ
1319 2752 1344 2790 3
1379 2745 1607 2791 Conciliat
1636 2747 1757 2792 uiuit
1785 2748 1887 2792 Nic.

125 2803 348 2858 Hopfius:
388 2802 647 2848 Conciliata
679 2803 805 2848 cadit
835 2808 863 2845 (Ξ
894 2818 922 2846 a
954 2802 1209 2848 Conciliata
1245 2805 1366 2848 redit
1388 2804 1612 2850 Barthius
1651 2806 1888 2851 Conciliat,

126 2861 272 2906 credit
301 2861 668 2907 Hemsterhusius
