2020 3106
277 161 355 213 32
861 159 910 205 P.
943 158 1169 204 PAPINII
1201 158 1398 204 STATII

284 282 349 335 In
389 285 609 350 portum
649 280 862 334 deducit
902 299 1092 350 equos,
1130 281 1278 350 prior
1314 281 1498 334 haurit
1535 282 1764 334 harenas

285 355 525 426 Ungula,
567 355 831 424 postremi
873 355 1157 408 solvuntur
1194 356 1253 408 in
1293 374 1528 425 aequora
1564 356 1749 425 pisces,

283 429 426 498 Hoc,
465 434 527 483 ut
565 430 732 495 fama,
773 430 892 482 loco
932 430 1199 498 pallentes
1240 428 1426 483 devius
1465 431 1684 482 umbras

284 505 505 557 Trames
547 505 661 572 agit
699 503 948 573 nigrique
988 504 1134 557 Iovis
1173 522 1345 557 vacua
1383 503 1525 557 atria
1564 504 1703 556 ditat

284 578 568 631 Mortibus
648 577 867 631 Arcadii
904 578 1193 646 perhibent
1232 578 1278 630 si
1318 595 1446 631 vera
1485 577 1686 646 coloni,
1919 556 2009 645 50}

286 651 498 705 Stridor
535 652 615 706 ibi
655 655 709 705 et
748 652 980 722 gemitus
1021 670 1342 721 poenarum,
1382 654 1609 721 atroque
1649 651 1888 704 tumultu

284 725 480 779 Fervet
521 743 670 795 ager3
712 744 873 794 saepe
911 726 1275 779 Eumenidum
1313 744 1578 795 vocesque
1618 743 1916 795 manusque

284 800 350 852 In
389 800 623 853 medium
664 818 889 853 sonuere
930 800 1091 869 diem,
1130 800 1356 870 Letique
1398 800 1664 853 triformis

283 874 494 927 Ianitor
534 875 802 943 agricolas
845 875 1050 943 campis
1091 874 1307 927 auditus
1349 874 1548 944 abegit.

283 947 403 1002 Hac
436 952 491 1001 et
529 953 658 1001 tunc
697 949 851 1002 fusca
890 949 1108 1002 volucer
1148 948 1278 1001 deus
1319 949 1529 1001 obsitus
1569 948 1762 1001 umbra
1921 961 2007 1001 55*

285 1022 487 1076 Exsilit
526 1023 592 1075 ad
634 1041 878 1092 superOS‚
918 1022 1238 1092 infernaque
1275 1022 1464 1075 nubila
1502 1022 1656 1076 vultu

284 1095 524 1150 Discutit
564 1100 617 1150 et
655 1097 791 1150 vivis
834 1097 1124 1150 adflatibus
1165 1116 1260 1150 ora
1300 1099 1528 1150 serenat.

279 1169 415 1224 Inde
454 1189 551 1239 per
589 1171 880 1224 Arcturum
920 1171 1231 1240 mediaeque
1271 1171 1490 1224 silentia
1527 1169 1711 1224 Lunae

284 1244 434 1298 Arva
474 1263 635 1313 super
673 1246 1010 1315 populosque
1050 1249 1207 1298 meat.
1286 1243 1460 1315 Sopor
1500 1245 1690 1298 obvius
1731 1244 1815 1296 illi

286 1317 478 1372 Noctis
520 1320 720 1389 agebat
760 1337 949 1389 equos,
989 1320 1340 1389 trepidusque
1380 1318 1627 1388 adsurgit
1665 1318 1860 1372 honori
1923 1332 1978 1371 60

284 1392 539 1446 Numinis
581 1396 635 1446 et
673 1396 822 1446 recto
863 1394 1071 1446 decedit
1109 1394 1285 1446 limite
1326 1394 1474 1446 caeli.
2008 1407 2013 1415 '⁷

282 1466 516 1520 Inferior
556 1468 705 1520 volat
745 1468 939 1520 umbra
977 1468 1100 1538 deo,
1136 1472 1528 1552 praereptaque
1568 1467 1746 1520 noscit

281 1539 476 1593 Sidera
515 1542 947 1610 principiumque
988 1542 1092 1613 sui3
1130 1542 1347 1611 iamque
1388 1542 1554 1594 ardua
1594 1539 1815 1594 Cirrhae

284 1614 669 1684 Pollutamque
711 1633 807 1668 suo
849 1616 1127 1684 despectat
1165 1615 1404 1668 Phocida
1444 1617 1618 1668 busto.

282 1687 524 1742 Ventum
566 1693 681 1742 erat
722 1689 791 1742 ad
825 1689 1066 1758 Thebas3
1108 1689 1316 1759 gemuit
1354 1707 1521 1758 prope
1554 1689 1743 1741 limina
1773 1689 1890 1741 nati
1923 1700 1978 1742 65

282 1761 449 1816 Laius
491 1767 545 1815 et
582 1766 741 1816 notos
783 1766 1066 1816 cunctatur
1105 1764 1240 1816 inire
1279 1766 1518 1833 penates,

282 1836 364 1890 Ut
402 1855 530 1890 vero
571 1841 625 1889 et
665 1837 822 1890 celsis
866 1840 1075 1890 suamet
1113 1837 1243 1906 iuga
1282 1838 1408 1890 nixa
1447 1836 1710 1890 columnis

283 1910 439 1964 Vidit
480 1914 534 1964 et
574 1910 803 1964 infectos
845 1912 1144 1964 etiamnum
1185 1912 1446 1981 sanguine
1487 1930 1695 1978 currUS‚

285 1983 466 2037 Paene
505 1987 651 2037 retro
692 1986 944 2039 turbatus
986 1986 1123 2038 abit:
1166 2004 1264 2039 nec
1305 2004 1517 2039 summa
1556 1984 1818 2039 Tonantis

283 2058 442 2112 Iussa
479 2077 577 2111 nec
616 2059 881 2112 Arcadiae
922 2061 1158 2112 retinent
1198 2059 1493 2129 spiramina
1533 2060 1734 2128 virgae.
1922 2073 1977 2113 70

359 2132 435 2185 Et
472 2136 601 2186 tunc
638 2133 778 2186 forte
819 2134 933 2187 dies
973 2136 1107 2186 noto
1148 2134 1366 2203 signata
1404 2133 1666 2187 Tonantis

281 2206 557 2275 Fulmine‚
595 2210 876 2276 praerupti
916 2226 1037 2260 cum
1076 2212 1153 2274 te,
1192 2212 1345 2260 tener
1383 2208 1581 2276 Euhie,
1620 2210 1806 2278 partus

293 2279 665 2334 Transmisere
705 2282 865 2350 patri.
942 2281 1122 2351 Tyriis
1163 2301 1227 2335 ea
1266 2300 1428 2335 causa
1467 2282 1672 2335 colonis

282 2353 596 2407 Insomnem
626 2355 754 2407 ludo
795 2356 1044 2408 certatim
1084 2356 1305 2409 educere
1343 2358 1559 2409 noctem

403 2534 460 2573 49
494 2528 652 2573 ditant
680 2535 712 2572 1³
736 2533 751 2586 ΙΙ
775 2535 831 2574 50
866 2544 1077 2587 arcanus,
1109 2531 1361 2587 perhibent
1386 2532 1642 2575 Muellerus
1664 2532 1679 2587 ss
1704 2535 1759 2574 53
1783 2530 1977 2575 Lethes-

287 2601 377 2644 que
411 2587 638 2632 triformis
665 2588 1024 2634 Friesemamius
1055 2592 1152 2636 coll.
1179 2590 1291 2635 Slzv.
1319 2590 1421 2634 III
1442 2595 1496 2645 2,
1521 2595 1612 2636 112
1630 2591 1764 2647 prob.
1790 2591 1977 2635 Meukio

284 2649 340 2702 cf.
377 2647 509 2692 Theb.
553 2648 630 2692 VI
657 2653 749 2694 477
770 2649 786 2705 Η
811 2653 866 2693 55
906 2648 1006 2692 Hoc
1045 2649 1326 2695 Schraderus
1365 2651 1422 2704 ef.
1454 2664 1495 2694 υ.
1535 2653 1596 2694 48
1624 2651 1630 2706 Ι
1658 2648 1795 2694 furva
1825 2649 1975 2694 Lach-

282 2712 540 2752 manuu858
564 2709 815 2763 mutaeque
842 2707 1172 2754 Valckenarius
1194 2710 1210 2766 ΙΙ
1235 2714 1289 2753 62
1316 2708 1447 2753 volat
1469 2710 1701 2752 Bumeat
1716 2708 1976 2763 PG²GHop

281 2779 339 2810 ex
377 2781 416 2810 v.
458 2768 564 2824 5811
600 2772 652 2812 67
695 2769 743 2811 et
781 2766 918 2810 celsis
958 2771 1099 2810 PBrb
1170 2767 1365 2813 excelsis
1397 2767 1545 2811 G2SM
1583 2769 1680 2812 edd.
1715 2769 1730 2823 ΙΙ
1762 2773 1817 2812 69
1850 2770 1976 2812 Pone

284 2825 537 2870 Muellerus
570 2827 576 2882 Ι
612 2826 695 2870 sed
734 2826 1007 2872 Duebuerus
1049 2831 1117 2877 (ut
1154 2833 1196 2872 et
1234 2843 1273 2871 v.
1308 2829 1384 2880 70)
1417 2829 1432 2884 ΙΙ
1465 2832 1518 2871 71
1550 2826 1594 2870 It
1624 2827 1932 2872 Baehreusius
1966 2827 1971 2885 Ι

184 2938 193 2949 .
278 2884 410 2927 torto
434 2884 766 2931 Lachmaunus
797 2887 926 2930 moto
958 2887 1267 2931 Baehreusius
1290 2888 1305 2942 ΙΙ
1331 2892 1383 2930 72
1416 2885 1655 2944 praerepti
1687 2887 1910 2932 Heinsius
