1988 3106
145 197 214 249 10
350 170 353 172 ⁵
758 185 807 229 P.
841 179 1068 227 PAPmn
1098 174 1297 221 sTATn

144 317 274 379 Quis
312 313 458 366 rudis
497 324 664 377 usque
703 305 834 358 adeo
875 301 967 371 qui
1003 315 1129 364 non,
1165 297 1227 347 ut
1262 289 1456 345 uiderit
1495 286 1698 352 ambOS‚

142 390 378 442 Tantum
418 386 559 437 dicat
599 397 762 449 equos
801 378 1061 445 quantum
1107 369 1304 421 distare
1341 358 1622 432 regentes?
1848 366 1925 406 90·

143 462 271 516 Non
306 461 408 513 hoc
447 454 745 510 imbriferas
783 451 985 502 hiemes
1025 460 1159 512 opus
1198 441 1292 493 aut
1327 436 1472 489 Iouis
1510 434 1693 502 ignem
1927 437 1931 459 ²
1968 445 1969 458 ¹

144 533 538 605 Tergeminum,
576 525 753 580 Aeolii
791 540 903 575 non
941 517 1161 588 agmina
1188 510 1422 566 carceris
1459 508 1643 559 horret

145 610 496 662 Annorumue
535 617 736 653 moras:
777 594 958 662 stabit,
995 591 1122 643 dum
1157 590 1302 640 terra
1340 583 1614 652 polusque,

146 682 291 734 Dum
327 679 571 732 Romana
609 674 735 725 dies.
810 669 914 721 huc
953 667 1007 718 et
1045 663 1144 716 sub
1181 661 1338 712 nocte
1378 653 1573 718 silenti,
1921 693 1927 700 ,

146 756 283 809 Cum
324 750 527 820 superis
565 751 778 800 terrena
815 740 1053 810 placent,
1090 738 1184 788 tua
1219 731 1379 785 turba
1415 727 1600 780 relicto
1855 723 1926 777 9¹52
1968 734 1969 766 3

149 829 382 882 Labetur
423 823 567 876 caelo
607 816 954 883 miscebitque
994 809 1175 864 oscula
1210 807 1374 858 iuxta.

148 903 260 955 Ibit
296 901 355 952 in
394 897 668 965 amplexus
705 895 864 943 natus
903 887 1169 950 fraterque
1207 880 1464 948 paterque

148 976 226 1028 Et
265 990 435 1028 soror:
475 987 583 1021 una
621 968 796 1018 locum
834 959 1010 1014 ceruix
1049 954 1199 1008 dabit
1237 949 1484 1005 omnibus
1525 944 1696 997 astris.

152 1049 317 1102 Utere
357 1045 672 1114 perpetuum
711 1034 895 1107 populi
933 1029 1217 1099 magnique
1258 1025 1474 1077 senatus
1967 1065 1968 1077 χ

153 1121 389 1175 Munere.
465 1114 717 1184 Apelleae
756 1108 1008 1176 cuperent
1045 1107 1098 1155 te
1132 1099 1360 1153 scribere
1401 1109 1565 1160 cerae,
1834 1098 1933 1139 100
1966 1099 1968 1101 ·

155 1194 510 1264 Optassetque
550 1204 694 1239 nouo
733 1181 960 1235 similem
997 1180 1051 1229 te
1090 1189 1288 1243 ponere
1326 1167 1527 1236 templo
1929 1187 1931 1191 ·
1966 1187 1968 1190 >

156 1269 367 1322 Atticus
406 1263 525 1316 Elei
565 1259 741 1313 senior
776 1254 946 1320 Iouis;
986 1252 1040 1303 et
1075 1252 1171 1300 tua
1207 1244 1353 1297 mitis

157 1343 263 1395 Ora
301 1339 525 1404 Tarans,
560 1337 656 1385 tua
694 1329 923 1384 sidereas
961 1320 1230 1376 imitantia
1265 1317 1509 1369 flammas

158 1414 386 1468 L'umina
425 1407 732 1473 contempto
772 1401 958 1454 mallet
994 1393 1216 1449 Rhodos
1256 1406 1446 1458 aspera
1483 1384 1715 1438 Phoebo.
1966 1440 1967 1443 Ἴ

159 1488 351 1542 Certus
392 1500 535 1536 ames
573 1483 743 1531 terras
783 1478 837 1527 et
875 1488 1009 1541 quae
1047 1467 1147 1520 tibi
1184 1462 1386 1531 templa
1424 1459 1676 1524 dicamus,
1841 1465 1914 1505 102
1965 1487 1967 1491 -

159 1562 281 1630 Ipse
321 1557 489 1623 colas3
526 1570 626 1605 nec
664 1554 717 1603 te
758 1545 890 1601 caeli
926 1544 1073 1596 iuuet
1111 1539 1249 1605 aula,
1286 1540 1514 1602 tuosque
1965 1516 1967 1527 '

161 1636 358 1688 Laetus
397 1630 521 1682 huic
561 1626 702 1678 dono
742 1621 924 1674 uideas
963 1617 1087 1669 dare
1125 1616 1247 1665 tura
1283 1610 1522 1677 nepotes.

1015 1775 1086 1829 II.

298 1884 768 1938 EPITHALAMIUM
798 1881 864 1926 IN
896 1873 1179 1931 STELLAM
1209 1871 1288 1916 ΕΤ
1319 1862 1796 1915 UIOLENTILLAM.

167 1985 323 2040 Unde
365 1997 517 2034 sacro
555 1975 698 2029 Latii
738 1969 1032 2025 sonuerunt
1070 1963 1305 2018 carmine
1348 1956 1592 2012 montes?

169 2060 283 2127 Cui,
319 2056 512 2120 Paean,
550 2066 693 2102 noua
730 2046 932 2114 plectra
968 2056 1152 2092 moues
1189 2037 1518 2100 humeroque
1557 2025 1795 2082 comanti

169 2130 479 2186 Facundum
519 2119 797 2190 suspendis
837 2114 1002 2168 ebur?
1042 2109 1227 2181 procul
1266 2125 1384 2161 ecce
1423 2120 1617 2157 canoro

174 2640 405 2698 placerent
443 2632 600 2677 oscula
636 2630 768 2672 muta
804 2627 820 2682 ΙΙ
860 2629 944 2667 100
980 2620 1196 2677 pelle(a)e
1235 2620 1263 2657 c
1295 2629 1344 2668 a,

181 2697 362 2756 genitor
393 2690 657 2743 Liuineius,
691 2686 776 2730 alii
807 2684 903 2728 alia
925 2683 941 2738 ΙΙ
967 2684 1048 2723 103
1080 2679 1238 2721 taraus
1268 2678 1316 2716 c:
1348 2673 1515 2715 tonans
1549 2672 1577 2711 ς
1603 2682 1629 2709 a
1651 2668 1667 2722 ΙΙ
1694 2670 1774 2709 107
1799 2664 1909 2722 Let·
1930 2663 1934 2667 ’

181 2762 218 2800 Δ
251 2761 278 2798 c
320 2752 613 2796 Priscianus:
659 2743 848 2789 Laetius
896 2743 924 2783 ς
982 2740 988 2793 Ι
1043 2739 1150 2781 tura
1189 2737 1239 2777 ςε
1278 2732 1380 2775 iura
1418 2733 1447 2770 c
1478 2742 1525 2782 a,
1568 2723 1805 2770 Prisciani
1835 2721 1897 2766 lib
1927 2729 1943 2770 fi

181 2818 274 2869 fere
305 2823 452 2856 omnes

300 2872 355 2914 11.
388 2862 755 2924 Epithalamium
786 2863 844 2902 A:
878 2852 1224 2912 Epithalamion
1255 2854 1282 2891 c
1936 2831 1956 3007 Ξ
