1976 3094
618 166 961 214 THEBAIDOS
993 167 1102 214 LIB.
1135 167 1215 214 111.
1706 166 1775 220 77

91 292 289 348 Volvit
326 307 492 363 agens
531 290 708 345 sociae
747 290 1079 360 linquentem
1121 289 1236 343 fata
1274 292 1537 343 catervae.

86 366 192 422 Hic
228 365 412 421 nimbo
452 364 784 436 glomeratus
826 363 964 434 obit,
1004 364 1092 418 hic
1130 366 1384 434 praepete
1423 365 1547 418 viva

88 439 336 496 Pascitur
372 439 710 509 immoriens3
749 438 964 509 spargit
1002 456 1134 492 cava
1171 437 1358 491 nubila
1388 436 1653 508 sanguis.'
1694 451 1780 491 545

38 554 41 558 -
89 514 250 580 ‘Quid
285 514 475 568 furtim
514 512 833 568 lacrimas?'
889 511 1103 582 ε1115111,
1143 511 1443 566 venerande
1482 511 1784 583 Melampu,

26 586 27 590 ’
91 588 196 654 Qui
234 587 399 659 cadit,
439 586 711 658 agnosco?
775 586 1038 657 Trepidos
1078 587 1157 641 sic
1196 587 1339 640 mole
1377 587 1548 641 futuri

17 727 19 729 ,
91 662 404 733 Cunctaque
443 662 552 717 iam
593 681 773 716 rerum
812 665 961 715 certa
1001 662 1101 715 sub
1142 662 1379 731 imagine
1418 679 1612 732 passos

90 737 287 791 Terror
324 736 491 790 habet
529 739 706 806 vates3
743 736 898 807 piget
936 736 1205 806 inrupisse
1246 736 1527 790 volantum

91 810 337 870 Concilia
375 813 430 864 et
468 811 618 865 caelo
659 815 896 865 mentem
936 811 1229 864 insertasse
1269 811 1498 879 vetanti,
1697 823 1784 863 550

91 885 387 955 Auditique
427 885 586 940 odere
625 884 769 939 deos.
793 916 865 924 —
890 884 1046 939 Unde
1084 885 1187 938 iste
1226 903 1323 955 per
1361 886 1547 938 orbem

93 960 308 1014 Primus
348 960 560 1014 venturi
599 959 811 1013 miseris
852 959 1218 1014 animantibus
1260 977 1422 1031 aeger

93 1033 275 1090 Crevit
316 1034 504 1090 amor‘?
543 1034 795 1088 divumne
834 1034 979 1088 feras
1018 1034 1122 1087 hoc
1162 1052 1379 1102 munuS,
1420 1053 1490 1087 an
1529 1034 1661 1103 ipsi,

94 1109 238 1165 Gens
279 1109 434 1163 avida
472 1111 527 1162 et
565 1112 726 1180 parto
765 1127 877 1163 non
915 1127 1172 1178 umquam
1214 1110 1360 1161 stare
1400 1109 1594 1177 quieti,

4 1192 5 1196 ’
93 1184 375 1253 Eruimus,
413 1201 553 1254 quae
592 1183 770 1253 prima
808 1183 944 1252 dice,
983 1182 1079 1236 ubi
1117 1183 1381 1236 terminus
1423 1182 1564 1250 aevi,
1702 1195 1788 1235 555

95 1258 238 1323 Quid
274 1258 463 1324 bonus,
490 1258 583 1311 ille
622 1258 781 1311 deum
821 1258 1053 1327 genitor,
1092 1257 1219 1327 quid
1258 1256 1434 1311 ferrea
1473 1255 1671 1311 Clotho

95 1331 350 1404 Cogitet?
388 1332 516 1386 hinc
553 1331 722 1386 fibrae
762 1335 817 1386 et
856 1332 1134 1385 volucrum
1174 1350 1270 1401 per
1307 1331 1497 1384 nubila
1538 1348 1715 1384 sermo

95 1408 491 1477 Astrorumque
529 1406 670 1460 vices
711 1409 1099 1475 numerataque
1140 1405 1347 1460 semina
1385 1407 1545 1458 lunae

25 1527 30 1545 .,
98 1481 576 1551 Thessalicumque
614 1481 781 1534 nefas,
858 1480 935 1533 At
973 1498 1083 1534 non
1121 1480 1271 1550 prior
1310 1497 1504 1532 aureus
1544 1479 1638 1531 ille

25 1556 36 1617 ξ
99 1554 335 1627 Sanguis
375 1573 534 1610 avum
574 1554 918 1625 scopulisque
952 1557 1101 1608 satae
1133 1554 1218 1607 vel
1251 1554 1445 1608 robore
1479 1557 1669 1622 gentes
1707 1566 1794 1607 560

30 1625 37 1636 ”
99 1629 375 1684 Mentibus
414 1629 499 1683 his
538 1648 690 1699 usae3
730 1629 897 1683 silvas
938 1647 1091 1683 amor
1129 1647 1267 1681 unus
1307 1628 1638 1697 humumque

101 1703 425 1758 Edomuisse
463 1722 652 1773 manu;
697 1704 824 1774 quid
864 1703 1103 1757 crastina
1141 1703 1383 1756 volveret
1424 1707 1571 1755 aetas

103 1777 250 1832 Scire
289 1777 441 1832 nefas
478 1777 702 1832 homini.
778 1776 894 1832 Nos
933 1796 1161 1847 pravum
1201 1780 1255 1830 et
1295 1777 1473 1830 flebile
1512 1777 1706 1846 vulgus
1755 1823 1769 1836 ,

105 1851 348 1906 Scrutari
386 1852 601 1921 penitus
642 1870 882 1922 superos:
924 1851 1051 1906 hinc
1090 1851 1268 1922 pallor
1308 1855 1363 1905 et
1400 1853 1535 1920 irae,

105 1925 248 1979 Hinc
289 1925 463 1979 scelus
502 1926 838 1996 insidiaeque
879 1930 934 1980 et
972 1927 1126 1979 nulla
1165 1926 1430 1979 modestia
1468 1926 1599 1978 voti.
1713 1938 1799 1979 565

178 1999 328 2070 Ergo
367 2018 534 2052 manu
573 1991 740 2054 vittas
781 2000 1142 2070 damnataque
1181 2001 1383 2054 vertice
1424 2003 1571 2052 serta

106 2073 322 2144 Deripit
361 2074 676 2143 abiectaque
714 2074 1010 2127 inhonorus
1049 2074 1239 2127 fronde
1280 2074 1529 2127 sacerdos

109 2147 292 2201 Inviso
333 2147 397 2200 de
436 2151 620 2202 monte
659 2147 824 2217 redit3
863 2149 971 2201 iam
1011 2149 1154 2201 bella
1191 2148 1462 2217 tubaeque

110 2221 426 2276 Comminus
436 2264 450 2291 ‚
490 2223 847 2291 absentesque
886 2222 1124 2275 fremunt
1164 2223 1262 2275 sub
1311 2226 1529 2291 pectore
1569 2221 1803 2273 Thebae.

91 2295 214 2350 ,Ille
253 2314 350 2349 nee
390 2298 668 2365 aspectum
707 2296 880 2366 vulgi,
919 2315 1017 2350 nec
1055 2297 1164 2349 fida
1202 2297 1422 2365 tyranni
1718 2308 1804 2347 570

115 2368 418 2439 Conloquia
457 2374 552 2424 aut
590 2373 773 2424 coetus
813 2388 1094 2440 procerum
1134 2371 1395 2441 perferre,
1436 2370 1529 2424 sed
1569 2373 1690 2423 atra

36 2464 50 2487 J
114 2442 250 2498 Sede
288 2445 419 2515 tegi,
458 2448 512 2497 et
550 2463 802 2514 superum
842 2446 1057 2498 clausus
1098 2449 1267 2516 negat
1306 2450 1427 2499 acta
1458 2445 1621 2498 fateri

233 2609 320 2650 546
351 2604 622 2650 inlacrimas
658 2605 777 2651 Oozb.
812 2611 845 2648 G
870 2621 944 2663 pr.
972 2621 1027 2651 m.
1053 2605 1310 2650 illacrimas
1343 2611 1378 2648 G
1410 2621 1467 2650 m.
1503 2620 1583 2651 sec.
1611 2611 1653 2648 Η
1680 2608 1686 2662 1
1713 2619 1807 2649 me·

115 2664 273 2721 lampo
305 2669 338 2707 P
367 2667 384 2723 ιΙ
415 2670 500 2710 547
535 2665 728 2722 agnosci
758 2670 791 2708 P
824 2666 839 2722 ΙΙ
872 2671 957 2711 548
990 2665 1087 2710 iam
1117 2681 1200 2712 om.
1232 2671 1264 2709 P
1288 2668 1304 2723 ΙΙ
1328 2670 1412 2710 551
1445 2665 1570 2708 unde
1602 2665 1702 2721 ipse
1733 2670 1766 2707 P
1797 2667 1811 2722 ἐξ

118 2729 207 2770 558
240 2723 422 2768 semina
443 2729 517 2768 PL
542 2726 675 2769 schol.
703 2724 872 2769 semita
898 2728 936 2783 (1
960 2725 1156 2782 semina)
1182 2741 1206 2768 r
1230 2726 1360 2769 Leid.
1389 2724 1559 2769 semita
1581 2723 1776 2767 BG2sn
1797 2717 1811 2783 ᾗ

123 2787 209 2828 561
254 2783 330 2828 his
369 2798 481 2829 usae
520 2789 603 2827 PH
642 2785 757 2828 haec
806 2799 947 2829 ausae
985 2789 1111 2829 Bsn
1141 2785 1201 2828 he
1234 2787 1372 2828 cause
1405 2784 1463 2826 G2
1494 2782 1581 2827 hoe
1616 2797 1757 2827 ausae
1789 2799 1815 2838 p

127 2843 227 2888 edd.
251 2845 268 2900 ΙΙ
291 2848 376 2888 563
403 2857 601 2900 parvum
625 2849 656 2886 P
685 2847 691 2901 Ι
719 2857 773 2888 ac
797 2843 954 2889 flebile
979 2860 1005 2899 p
1030 2847 1127 2890 edd.
1153 2847 1168 2902 ΙΙ
1193 2850 1279 2889 564
1304 2842 1512 2887 Scrutari
1534 2848 1567 2885 P
1591 2844 1814 2889 Heinsius

27 2958 31 2963 ι
121 2900 328 2947 Scrutati
356 2903 510 2946 Rem
