1976 3126
126 125 232 178 228
705 124 752 168 Ρ.
786 122 1014 168 PAPINII
1045 121 1237 168 STATII

123 247 375 316 Pectora3
413 263 556 298 nunc
597 264 729 298 auro
770 244 1024 313 phaleras
1065 263 1301 314 auroque
1343 245 1574 316 sagittas

125 321 463 391 Cingulaque
503 322 556 372 et
594 319 856 388 manicas,
893 336 964 372 ne
1003 318 1231 388 coniuge
1270 320 1433 373 vilior
1469 320 1594 388 iret,

123 396 404 449 Presserat
442 397 497 446 et
536 393 766 445 mixtum
805 410 938 446 cono
980 393 1311 462 crispaverat
1349 412 1554 447 aurum.

126 470 351 523 Talibus
389 468 522 520 heu!
561 466 731 519 fidens
763 470 922 520 vocat
960 467 1104 519 ultro
1143 467 1202 519 in
1238 467 1447 538 proelia
1488 467 1703 520 Graios:

126 545 207 597 Ac
246 543 481 612 primum
520 542 578 593 in
615 541 805 594 faciles
847 544 1127 611 grassatus
1168 541 1388 611 cuspide
1426 545 1636 595 turmas
1729 554 1814 594 570

126 618 298 671 Arma
336 616 506 669 refert
546 616 707 669 sociis
749 618 804 667 et
842 615 900 667 in
941 616 1160 685 agmina
1196 615 1328 684 fida,
1366 620 1556 669 coacta

127 691 324 761 Caede,
362 690 517 743 redit.
594 687 683 742 Sic
722 688 978 759 Hyrcana
1016 690 1104 743 leo
1145 689 1373 759 Caspius
1412 690 1605 743 umbra

126 765 316 819 Nudus
357 764 529 817 adhuc
567 763 826 832 nulloque
865 763 1022 816 iubae
1062 763 1310 817 flaventis
1350 764 1554 818 honore

128 839 408 892 Terribilis
449 839 739 908 magnique
780 838 1075 890 etiamnum
1116 838 1396 907 sanguinis
1436 839 1648 906 insonS,

128 913 279 967 Haut
316 913 505 982 procul
545 931 577 965 a
617 912 847 964 stabulis
887 915 1070 981 captat
1109 912 1331 966 custode
1369 916 1576 965 remoto
1731 924 1814 965 575
1910 952 1913 961 .

131 988 307 1056 Segne
345 1005 508 1057 pecus
547 989 838 1055 teneraque
876 985 1074 1039 famem
1114 987 1381 1040 consumit
1418 987 1476 1039 in
1516 1004 1672 1057 agna.

129 1062 258 1116 Mox
297 1062 551 1131 ignotum
591 1060 756 1113 armis
798 1078 860 1113 ac
901 1061 1016 1113 solo
1057 1078 1280 1130 corpore
1319 1079 1536 1114 mensus

133 1136 317 1206 Tydea
355 1154 466 1188 non
506 1135 718 1204 timuit,
755 1134 1047 1204 fragilique
1087 1135 1353 1189 lacessere
1390 1135 1502 1188 telo

133 1209 359 1280 Saepius
400 1209 797 1262 infrendentem
837 1209 960 1261 aliis
1000 1209 1242 1279 aliosque
1284 1212 1595 1279 sequentem

131 1284 314 1337 Ausus
357 1287 487 1336 erat.
560 1283 799 1335 Tandem
839 1283 1103 1336 invalidos
1142 1283 1370 1336 Aetolus
1411 1282 1480 1336 ad
1518 1283 1656 1336 ictus
1734 1295 1818 1335 580

131 1357 295 1411 Forte
334 1357 500 1410 refert
540 1357 724 1410 oculos
766 1361 821 1410 et
858 1357 1205 1410 formidabile
1243 1358 1448 1411 ridens:

133 1431 480 1485 ‘Iamdudum
519 1431 698 1500 videO,
737 1448 995 1501 magnum
1036 1432 1210 1501 cupis,
1248 1432 1516 1501 improbe,
1554 1431 1651 1483 leti

131 1505 366 1559 Nomen'
408 1506 507 1574 ait3
548 1505 709 1558 simul
750 1506 1006 1559 audacem
1045 1524 1155 1560 non
1194 1524 1322 1559 ense
1362 1524 1459 1559 nec
1497 1506 1658 1558 hasta

132 1580 407 1650 Dignatus
447 1580 639 1632 leviter
678 1580 866 1648 digitis
904 1580 1123 1633 imbelle
1164 1580 1358 1634 solutis

133 1654 349 1708 Abiecit
386 1653 645 1706 iaculum:
684 1654 923 1706 latebras
962 1657 1142 1707 tamen
1184 1654 1428 1723 inguinis
1469 1654 1577 1707 alte
1737 1666 1820 1706 585

132 1727 365 1793 Missile,
409 1746 504 1780 ceu
541 1727 675 1780 totis
714 1728 978 1780 intortum
1017 1728 1246 1796 viribuS,
1284 1727 1481 1781 hausit.

133 1802 404 1855 Praeterit
441 1802 575 1853 haut
613 1800 836 1854 dubium
874 1802 975 1854 fati
1015 1806 1070 1855 et
1109 1802 1342 1871 spoliare
1384 1802 1628 1871 superbit

135 1875 381 1929 Oenides
421 1873 630 1944 ‘Neque
657 1875 800 1928 enim
824 1875 925 1928 has
950 1875 1117 1929 Marti
1141 1879 1235 1929 aut
1258 1876 1384 1946 tibi,
1407 1876 1601 1929 bellica
1625 1875 1824 1945 Pallas,

134 1950 374 2003 Exuvias
414 1948 663 2018 figemus'
706 1950 804 2019 ait,
845 1949 1053 2018 ‘procul
1093 1953 1275 2003 arceat
1311 1951 1489 2019 ipsum

134 2023 295 2077 Ferre
334 2024 529 2093 pudor3
568 2023 682 2093 vix,
723 2024 769 2076 si
809 2025 1014 2077 bellum
1055 2025 1316 2078 comitata
1354 2025 1583 2094 relictis,
1738 2038 1823 2078 590
1916 2012 1941 2057 >³

134 2098 371 2168 Deipyle
409 2097 687 2167 thalamis,
726 2098 810 2150 1111
849 2098 1143 2152 inludenda
1183 2098 1467 2152 tulissem?

138 2171 227 2225 Sic
268 2172 366 2241 ait,
407 2174 461 2225 et
498 2171 632 2224 belli
670 2173 877 2226 maiora
917 2173 983 2225 ad
1021 2173 1265 2243 praemia
1303 2175 1482 2226 mente

135 2245 387 2299 Ducitur:
428 2246 721 2299 innumeris
760 2246 929 2299 veluti
968 2247 1054 2300 leo
1093 2247 1238 2300 forte
1275 2248 1483 2317 potitus

138 2318 405 2373 Caedibus
443 2320 691 2372 imbelles
731 2320 933 2374 vitulos
975 2321 1272 2390 mollesque
1311 2321 1564 2376 iuvencas

258 2439 343 2479 566
384 2450 506 2478 nunc
544 2441 619 2478 P'l'
656 2437 768 2479 tunc
807 2441 933 2478 Bsu
967 2438 974 2491 Ι
1007 2435 1254 2503 pharetras
1295 2443 1327 2480 Τ
1368 2438 1649 2483 Schraderus
1685 2439 1701 2494 ΙΙ
1740 2442 1824 2482 570

137 2494 338 2561 primam
383 2493 514 2538 facili
544 2499 576 2536 P
608 2509 683 2551 pr.
718 2509 774 2540 m
814 2494 1018 2551 primam
1059 2495 1109 2538 in
1147 2495 1311 2540 faciles
1342 2501 1375 2539 P
1405 2512 1461 2541 m.
1496 2511 1575 2542 sec.
1623 2496 1825 2554 primum
1892 2510 1903 2516 ”
1936 2495 1937 2499 ’

137 2553 303 2598 faciles
341 2558 412 2596 Bs
449 2555 455 2610 Ι
490 2555 733 2609 grassatur
763 2559 795 2596 P
834 2556 849 2611 ΙΙ
889 2559 974 2598 571
1017 2556 1182 2599 coacta
1219 2560 1252 2598 P
1291 2557 1485 2613 peracta
1523 2559 1649 2599 Bsu
1685 2558 1701 2613 ss
1738 2561 1822 2601 573

138 2614 362 2669 nulloque
394 2612 529 2656 iuuat
550 2618 583 2655 P
606 2615 622 2670 Ι]
646 2618 731 2658 575
763 2612 859 2656 Aut
881 2617 914 2656 P
942 2615 947 2670 Ι
977 2614 1160 2658 stauilis
1183 2619 1216 2658 P
1239 2616 1255 2672 ΙΙ
1278 2619 1364 2660 578
1388 2614 1622 2671 flacilique
1644 2620 1679 2659 P
1700 2617 1716 2672 ΙΙ
1740 2619 1824 2660 585

138 2672 329 2716 Adiecit
366 2673 647 2717 Bernartius
681 2675 696 2731 ΙΙ
732 2677 816 2718 589
856 2673 1023 2729 procul
1066 2673 1242 2718 habeat
1270 2675 1425 2730 ipsum
1454 2680 1487 2718 P
1518 2675 1639 2720 unde
1677 2674 1824 2720 Sand-

140 2733 375 2777 stroemius
422 2732 560 2776 conch
608 2732 773 2788 procul
822 2731 965 2776 absit!
1015 2734 1063 2776 et
1101 2732 1255 2789 ipsum
1295 2739 1335 2778 et
1372 2734 1703 2779 Baehrensius:
1742 2732 1821 2786 ait,

140 2790 280 2836 abeat
308 2791 476 2847 procul
503 2793 519 2848 ΙΙ
552 2795 635 2836 591
677 2790 935 2835 inludenda
972 2795 1085 2846 BSg
1122 2792 1368 2836 illudenda
1398 2797 1444 2836 u
1474 2792 1762 2837 inlaudanda
1790 2796 1823 2834 P

139 2849 214 2892 illi
242 2849 450 2894 ludenda
479 2854 522 2893 Η
