2020 3106
255 140 328 192 46
848 139 899 184 P.
930 138 1163 184 PAPINJI
1196 139 1406 185 STATII

254 262 495 317 Ultores:
538 262 656 331 quis
699 262 843 313 enim
882 261 1108 314 inlicitis
1149 261 1389 330 genialia
1426 261 1610 330 rumpi

164 343 229 376 3⁵⁵
255 337 425 390 Pacta
465 337 604 389 dolis
644 335 900 405 facilique
939 334 1087 388 trahi
1126 335 1357 388 conubia
1395 338 1558 403 raptu

255 409 366 463 Ceu
405 429 565 480 pecus
607 413 978 463 armentumve
1018 411 1112 462 aut
1150 409 1284 462 viles
1326 409 1520 462 messis
1562 427 1784 463 acervos
1902 423 1957 463 70

252 485 533 537 Perferat‘?
572 484 706 537 haec
747 484 914 536 etiam
952 483 1120 536 fortes
1159 483 1368 536 iactura
1406 486 1660 536 moveret.

252 559 379 613 Non
416 559 545 611 tulit
582 558 806 611 insidias
847 558 1030 611 divum
1069 557 1394 627 imperiosus
1434 558 1667 627 Agenor,

255 633 606 703 Mugitusque
647 650 826 685 sacros
868 634 922 684 et
959 648 1159 700 magno
1197 631 1418 684 numine
1457 634 1668 684 vectam

164 715 232 747 3⁶0
257 707 504 770 Quaesiit
541 707 799 775 Europen
840 711 1266 775 aspernatusque
1307 705 1614 758 Tonantem
1653 708 1737 757 est

254 781 332 834 Ut
357 799 630 852 generum.
693 781 929 850 Raptam
970 784 1024 833 et
1050 779 1307 849 Scythico
1350 780 1413 832 de
1454 780 1614 832 litore
1653 779 1861 848 prolem
1903 791 1956 832 75

251 854 379 909 Non
420 856 550 908 tulit
587 855 810 922 AeeteS‚
848 854 1098 923 ferroque
1139 857 1194 906 et
1233 855 1404 907 classe
1446 856 1660 907 secutus

254 928 534 983 Semideos
575 946 729 998 reges
771 931 825 981 et
862 929 1065 981 ituram
1104 928 1161 980 in
1202 928 1380 982 sidera
1418 929 1659 998 puppim.

249 1003 366 1058 Nos
405 1003 626 1073 Phryga
664 1003 978 1056 semivirum
1017 1006 1205 1071 portus
1246 1005 1300 1055 et
1338 1003 1501 1056 litora
1540 1002 1740 1055 circum

163 1085 228 1118 3⁶5
256 1078 515 1149 Argolica
553 1079 760 1130 incesta
799 1078 1121 1131 volitantem
1160 1095 1339 1146 puppe
1377 1077 1650 1130 feremus?

253 1152 440 1222 Usque
461 1152 593 1205 adeo
610 1170 878 1220 nusquam
905 1170 1058 1204 arma
1083 1154 1137 1203 et
1162 1152 1300 1219 equi,
1325 1151 1570 1220 fretaque
1594 1150 1743 1204 invia
1764 1149 1955 1204 Grais?

255 1226 396 1289 Quid
436 1227 483 1278 si
521 1245 663 1279 nunc
703 1226 897 1294 aliquis
938 1225 1131 1295 patriis
1171 1229 1426 1294 rapturus
1469 1226 1537 1278 ab
1579 1225 1687 1278 oris
1901 1238 1954 1278 81

253 1301 579 1353 Deidamian
618 1303 706 1353 eat
742 1300 1010 1370 viduaque
1051 1318 1080 1352 e
1119 1299 1244 1352 sede
1285 1301 1511 1354 revellat

253 1375 565 1428 Attonitam
606 1377 660 1427 et
699 1375 886 1444 magni
926 1375 1252 1428 clamantem
1290 1393 1490 1428 nomen
1529 1372 1818 1427 Achillis‘P'

161 1453 230 1488 3⁷0
253 1449 410 1502 Illius
451 1449 518 1502 ad
558 1450 811 1518 capulum
849 1449 1010 1502 rediit
1047 1467 1237 1502 manus
1278 1467 1341 1502 ac
1380 1449 1543 1502 simul
1581 1447 1772 1517 ingens

251 1522 479 1592 Impulit
519 1542 620 1576 ora
658 1523 843 1576 rubor:
883 1523 1054 1576 tacuit
1094 1526 1378 1592 contentus
1419 1522 1623 1577 Ulixes,
1893 1533 1949 1574 85

400 1596 621 1666 Excipit
660 1596 911 1650 Oenides:
953 1596 1136 1666 Quin,
1176 1616 1206 1650 o
1247 1597 1573 1667 dignissima
1614 1596 1748 1649 caeli

251 1671 571 1742 Progenies,
610 1671 853 1740 ritusque
891 1675 1016 1724 tuos
1058 1672 1429 1741 elementaque
1468 1671 1678 1740 primae

251 1745 461 1799 Indolis
502 1748 579 1812 et,
618 1745 798 1798 valida
836 1764 962 1798 mox
1002 1746 1285 1798 accedente
1324 1746 1569 1814 iuventa,

165 1825 232 1859 375
255 1819 404 1882 Quae
447 1820 644 1874 solitus
684 1819 905 1872 laudum
943 1819 1047 1872 tibi
1085 1820 1293 1872 semina
1330 1819 1568 1889 pandere
1609 1817 1835 1887 Chiron,

250 1893 596 1964 Virtutisque
630 1894 826 1962 adituS‚
865 1912 998 1964 quas
1030 1894 1275 1947 membra
1314 1911 1512 1964 augere
1552 1911 1648 1963 per
1688 1895 1853 1958 artes,
1896 1906 1952 1947 90
2004 1902 2011 1938 -·’

254 1967 402 2031 Quas
443 1969 705 2032 animum,
746 1968 905 2021 sociis
945 1969 1282 2038 multumque
1321 1968 1630 2022 faventibus
1671 1967 1790 2020 ede:

254 2041 336 2095 Sit
376 2042 613 2112 pretium
652 2042 845 2112 longas
885 2042 1103 2111 penitus
1143 2043 1420 2112 quaesisse
1460 2060 1556 2111 per
1593 2041 1766 2095 undas

255 2115 466 2185 Scyron
505 2119 558 2169 et
596 2116 681 2169 his
720 2116 955 2186 primum
993 2135 1240 2186 parmam
1280 2117 1579 2171 ostendisse
1618 2113 1871 2169 lacertis?

371 2297 426 2336 70
457 2291 563 2336 vilis
594 2297 627 2334 P
655 2293 660 2348 Ι
688 2292 822 2337 farris
856 2306 1046 2337 acervos
1079 2292 1365 2337 Schraderus
1394 2294 1410 2349 ΙΙ
1446 2297 1498 2338 71
1532 2293 1651 2337 haec
1683 2291 1826 2336 etiam
1858 2295 1949 2334 AM
2013 2291 2020 2304 ¹

249 2351 366 2395 haec
398 2352 446 2395 et
468 2365 562 2395 non
586 2352 716 2395 Leid.
742 2353 758 2408 ΙΙ
784 2355 837 2395 75
863 2351 923 2395 Vi
954 2365 1177 2408 generum
1211 2351 1474 2396 Gronovius
1503 2351 1733 2396 Barthius
1760 2352 1766 2407 Ι
1794 2351 1948 2407 Rapta

251 2409 468 2466 Scythico
493 2414 526 2452 P
553 2413 559 2465 Ι
589 2416 643 2455 77
668 2410 794 2455 itura
817 2410 919 2453 PG²
941 2412 956 2467 ΙΙ
981 2416 1035 2455 79
1068 2409 1315 2468 Argolicae
1341 2416 1374 2454 P
1397 2412 1412 2467 ΙΙ
1435 2415 1491 2456 81
1526 2411 1587 2456 ab
1626 2410 1718 2455 aris
1752 2411 1947 2454 coniece-

248 2473 361 2513 runt
385 2468 610 2513 Heinsius
633 2473 674 2513 et
696 2470 1001 2514 Burmannus
1024 2471 1039 2527 ΙΙ
1063 2474 1119 2513 86
1152 2470 1350 2527 Excepit
1372 2475 1405 2514 P
1427 2471 1444 2528 ΙΙ
1468 2474 1523 2525 88
1557 2470 1697 2514 Idolis
1721 2469 1772 2528 ΡΙ
1787 2483 1950 2514 accen-

249 2528 388 2574 dente
419 2532 452 2571 P
483 2530 498 2585 ΙΙ
531 2534 585 2573 91
620 2528 718 2573 edis
749 2533 783 2572 P
813 2530 829 2586 ΙΙ
859 2534 918 2573 93
950 2528 1023 2572 his
1053 2529 1257 2586 primum
1297 2544 1430 2574 arma
1477 2528 1733 2575 ostendisse
1764 2527 1951 2573 lacertis
1989 2565 1994 2571 .

248 2592 282 2630 P
320 2588 392 2632 his
422 2588 578 2644 primu
609 2587 981 2648 armslsltendisse
1012 2588 1200 2632 lacertis
1233 2588 1290 2632 (³²
1321 2589 1393 2634 his
1423 2589 1629 2646 primum
1660 2587 1950 2646 armssosten·

249 2646 371 2691 disse
406 2647 594 2692 lacertis
625 2652 683 2690 Pe
732 2648 806 2692 his
831 2647 1033 2705 primum
1065 2647 1205 2692 armis
1235 2648 1439 2693 tendisse
1471 2649 1671 2693 lacertos
1703 2647 1835 2692 Leid.
1875 2646 1948 2691 his

248 2719 377 2750 arma
406 2706 612 2763 primum
643 2706 901 2752 ostendisse
923 2707 1123 2751 lacertos
1148 2710 1183 2749 G
1215 2707 1305 2751 hiis
1339 2708 1482 2752 armis
1510 2706 1715 2764 primum
1738 2705 1946 2750 tendisse

247 2766 449 2810 lacertos
480 2771 515 2808 D
547 2766 621 2810 his
653 2764 794 2810 armis
824 2766 1026 2823 primum
1056 2766 1312 2811 intendisse
1343 2767 1542 2812 lacertos
1566 2770 1613 2809 Π
1642 2766 1716 2810 his
1741 2765 1943 2823 primum

248 2839 462 2881 parmam
497 2825 754 2870 ostendisse
785 2825 976 2870 lacertis
1000 2839 1114 2870 corr.
1130 2826 1442 2871 Baehrensius
1466 2826 1552 2872 hos
1577 2824 1720 2870 armis
1743 2824 1949 2883 primum

255 2884 450 2929 vestisse
492 2884 692 2930 lacertos
724 2885 913 2930 coniecit
945 2884 1207 2930 Gronovius
