1976 3094
259 129 330 182 80
839 126 887 171 P.
920 125 1148 172 PAPINH
1179 125 1372 171 STATII

262 249 500 303 Pandere
539 250 777 302 maestus
819 266 905 317 eo,
942 266 1069 301 nam
1107 251 1185 314 te,
1225 266 1443 319 vesane,
1481 249 1691 302 moneri

263 326 405 377 Ante
442 323 595 376 nefas
605 364 619 391 ,
657 322 856 391 unique
895 325 1042 375 tacet
1078 321 1182 374 tibi
1218 325 1404 375 noster
1442 322 1654 392 Apollo.

267 397 409 467 Quo,
449 396 656 464 miseri,
694 396 824 448 fatis
866 396 1181 466 superisque
1223 396 1570 449 obstantibus
1612 415 1783 466 arma,

264 471 381 534 Quo
422 469 650 539 rapitis?
693 488 797 540 quo
836 488 932 523 vos
972 468 1259 523 Furiarum
1297 470 1524 524 verbera
1564 489 1751 524 caecos
1866 484 1952 524 630

261 544 600 615 Exagitant‘?
642 544 843 596 adeone
885 544 1188 597 animarum
1227 544 1443 597 taedet?
1486 548 1539 597 et
1578 545 1757 614 Argos

262 618 468 672 Exosi‘?
508 619 587 670 nil
626 617 779 670 dulce
821 617 1004 671 domi?
1044 619 1199 671 nulla
1238 619 1420 672 omina
1459 618 1655 671 curae?

265 692 405 754 Quid
445 710 530 745 me
571 691 754 744 Persei
796 695 1002 745 secreta
1041 692 1109 745 ad
1148 692 1382 745 culmina
1421 692 1621 744 montis
1665 726 1669 731 -

263 766 350 819 Ire
392 766 564 834 gradu
602 765 815 834 trepido
858 785 1216 836 superumque
1255 766 1562 835 inrumpere
1603 769 1785 820 coetus

263 840 511 910 Egistis?
566 839 729 892 Potui
767 840 972 908 pariter
1010 841 1240 908 nescire,
1279 841 1397 910 quis
1439 841 1604 893 armis
1873 851 1958 893 635

267 913 462 983 030110,
502 914 595 967 ubi
636 917 754 966 atra
793 914 930 983 dies,
970 933 1104 984 quae
1144 914 1246 967 fati
1285 913 1506 967 exordia
1545 914 1773 982 cunctis,

268 988 416 1051 Quae
459 988 608 1040 mihi.
687 986 932 1041 Consulti
971 991 1146 1041 testor
1183 988 1484 1057 penetralia
1523 988 1708 1041 mundi

266 1061 341 1115 Et
380 1063 663 1115 volucrum
706 1062 917 1115 adfatus
959 1066 1013 1114 et
1050 1066 1129 1131 te,
1168 1062 1533 1132 Thymbraee,
1573 1062 1791 1115 vocanti

266 1135 392 1189 Non
433 1137 565 1189 alias
605 1139 721 1188 tam
762 1155 917 1189 saeve
957 1137 1115 1206 mihi,
1155 1155 1291 1206 quae
1331 1136 1488 1207 signa
1526 1136 1696 1188 futuri

267 1210 615 1263 Pertulerim:
655 1210 763 1262 vidi
801 1211 1040 1279 ingentis
1079 1212 1335 1280 portenta
1372 1211 1580 1279 ruinae,
1875 1222 1959 1263 640

269 1284 399 1337 Vidi
437 1284 718 1337 hominum
759 1283 1044 1354 divumque
1081 1288 1255 1338 metus
1286 1284 1622 1354 hilaremque
1653 1282 1963 1354 Megaeram

267 1357 342 1410 Et
380 1357 649 1411 Lachesin
688 1359 833 1427 putri
871 1362 1193 1412 vacuantem
1234 1359 1448 1412 saecula
1486 1377 1668 1428 penso

267 1431 503 1485 Proicite
545 1451 698 1485 arma
736 1451 921 1486 manu:
962 1432 1092 1486 deus
1134 1451 1252 1486 ecce
1291 1432 1597 1486 furentibus
1638 1433 1843 1502 obstat,

269 1506 408 1559 Ecce
449 1506 599 1559 deus!
660 1505 871 1577 Miseri,
912 1508 1041 1576 quid
1078 1507 1364 1576 pulchrum
1405 1507 1668 1578 sanguine
1707 1509 1887 1559 vestro

269 1580 506 1633 Aoniam
548 1583 601 1632 et
642 1580 744 1633 diri
785 1584 1027 1634 saturare
1066 1582 1283 1635 novalia
1323 1580 1546 1634 Cadmi?
1876 1593 1960 1633 645

273 1653 378 1707 Sed
418 1654 546 1723 quid
585 1673 724 1707 vana
764 1673 921 1723 03110,
964 1655 1090 1725 quid
1131 1655 1266 1708 fixos
1308 1673 1463 1707 arceo
1504 1654 1695 1707 casus?

268 1727 478 1780 Ibimus
510 1727 596 1765 —'
636 1727 740 1781 Hic
779 1747 967 1797 presso
1009 1730 1216 1798 gemuit
1255 1729 1422 1782 semel
1462 1747 1553 1782 ore
1595 1729 1856 1782 sacerdos,

268 1801 359 1854 Illi
398 1802 598 1855 iterum
639 1800 946 1872 Capaneus:
991 1802 1134 1856 etuus
1168 1821 1198 1856 o
1231 1802 1382 1856 furor
1427 1807 1659 1872 auguret
1696 1801 1792 1854 uni

269 1875 386 1929 Ista
425 1876 552 1945 tibi,
590 1879 651 1929 ut
692 1895 869 1930 serves
908 1896 1106 1930 vacuos
1147 1877 1412 1947 inglorius
1455 1895 1624 1930 annos

270 1950 344 2003 Et
382 1953 479 2003 tua
518 1969 626 2002 non
665 1970 922 2020 umquam
961 1951 1272 2020 Tyrrhenus
1311 1957 1560 2020 tempora
1599 1951 1801 2004 circum
1878 1964 1976 2004 650¹

201 2083 209 2089 ,
273 2023 513 2094 Olangor
553 2029 654 2077 eat.
734 2025 873 2088 Quid
913 2028 1040 2078 vota
1080 2026 1254 2078 virum
1294 2026 1517 2078 meliora
1556 2025 1822 2079 moraris?

273 2097 488 2151 Scilicet
526 2103 586 2150 ut
623 2100 775 2152 vanis
816 2099 1004 2152 avibus
1043 2103 1279 2168 natoque
1320 2099 1585 2168 domoque

272 2172 347 2226 Et
385 2173 644 2225 thalamis
686 2174 896 2243 potiare
935 2174 1138 2241 iacens,
1179 2174 1432 2227 sileamus
1472 2174 1635 2226 inulti

393 2324 479 2363 628
520 2320 649 2362 tacet
686 2323 851 2373 PpGH
891 2319 1000 2363 silet
1038 2320 1266 2377 BG²SMH
1291 2325 1376 2364 630
1418 2334 1509 2375 quo
1547 2324 1581 2362 P
1621 2333 1739 2375 quae
1780 2321 1912 2365 ceteri
1955 2320 1959 2378 Ι

274 2391 436 2421 caecos
475 2380 568 2434 (000
602 2380 659 2423 al.
693 2393 750 2422 m.
783 2382 1028 2436 suprascr.)
1063 2384 1095 2421 P
1117 2381 1133 2436 ΙΙ
1158 2385 1244 2423 632
1277 2378 1399 2422 nihil
1421 2384 1453 2422 P
1481 2381 1486 2436 1
1515 2392 1653 2422 curae
1686 2381 1758 2423 est
1784 2384 1816 2421 P
1840 2382 1854 2435 ΙΙ
1879 2384 1965 2424 634

275 2450 585 2492 superumque
632 2443 663 2479 P
712 2451 994 2493 superosque
1042 2441 1173 2482 ceteri
1195 2441 1211 2495 ΙΙ
1236 2444 1320 2483 636
1367 2438 1450 2482 ubi
1497 2440 1600 2482 atra
1638 2443 1720 2482 Ρπ
1769 2440 1816 2482 et
1863 2440 1965 2482 atra

276 2498 409 2540 ceteri
436 2499 441 2553 1
473 2510 590 2551 (11130
631 2495 785 2553 prima
822 2513 845 2539 r
876 2498 1006 2542 Leia.
1040 2511 1156 2552 quae
1188 2497 1324 2554 priva
1354 2498 1632 2542 Bernartius
1655 2499 1670 2554 ΙΙ
1695 2503 1778 2542 641
1811 2501 1963 2541 metus

273 2560 401 2597 PGH
452 2554 571 2600 C'olb.
623 2571 662 2599 π
707 2557 839 2600 schol.
889 2558 1039 2600 metus
1089 2556 1238 2614 (nefas
1282 2559 1341 2601 al.
1383 2572 1440 2601 m.
1480 2559 1726 2612 suprascr.)
1766 2572 1792 2610 p
1833 2557 1964 2601 nefas

274 2617 404 2670 (corr.
442 2616 495 2658 iu
525 2614 682 2670 metis)
714 2619 747 2657 B
779 2615 911 2658 nefas
944 2620 989 2657 M
1012 2618 1026 2673 Η
1052 2621 1134 2660 642
1169 2615 1395 2660 lachesim
1419 2621 1451 2658 P
1480 2618 1485 2672 Ι
1516 2615 1552 2673 ss.
1586 2615 1826 2659 laxantem
1849 2621 1881 2658 P
1912 2618 1965 2660 iu

274 2689 416 2731 Μαι-9.
445 2675 460 2731 ΙΙ
486 2679 571 2718 644
594 2675 750 2719 vestro
771 2675 925 2719 Paris.
953 2679 1090 2719 8053.
1117 2680 1239 2720 8054
1263 2676 1492 2720 Barthius
1510 2674 1635 2719 victo
1653 2679 1781 2718 PBM
1804 2675 1963 2719 iuncto

275 2734 503 2777 Heinsius
525 2736 540 2791 ΙΙ
566 2739 651 2778 645
685 2734 733 2777 et
762 2733 887 2790 Tyrii
917 2735 1036 2778 idem
1059 2736 1073 2792 ΙΙ
1099 2739 1183 2778 648
1215 2734 1293 2778 illi
1324 2748 1437 2780 corr.
1470 2734 1798 2779 Lachmaunus
1827 2735 1965 2778 Illum

274 2794 400 2837 codd.
453 2792 640 2848 Iamque
686 2793 913 2838 Barthius
955 2794 961 2853 Ι
1006 2795 1204 2850 auguret
1248 2808 1362 2838 corr.
1412 2793 1662 2838 Muellerus
1722 2807 1870 2850 augur
1917 2795 1965 2836 et

275 2853 400 2897 codd.
430 2854 444 2908 ΙΙ
470 2857 554 2896 649
587 2866 733 2897 annos
765 2858 832 2895 Pc
865 2855 996 2910 (corr.
1029 2855 1081 2898 irc
1113 2855 1268 2911 argos)
1302 2866 1440 2909 argos
1471 2852 1625 2895 BG²M
