2020 3106
646 154 989 201 THEBAIDOS
1021 154 1131 199 LIB.
1165 154 1197 199 1.
1703 154 1767 206 11

88 278 373 334 Calcavere
413 276 613 332 oculos.
688 276 805 330 Iam
844 277 952 330 iam
990 279 1113 330 rata
1150 279 1278 330 vota
1315 275 1512 343 tulisti,

86 352 222 408 Dira
246 351 438 407 -senexl
477 368 718 405 meruere
756 353 907 421 tuae,
945 367 1186 403 meruere
1226 349 1481 403 tenebrae
1685 362 1772 402 240

87 425 332 481 Ultorem
373 442 589 495 sperare
627 425 827 479 Iovem.
904 424 1063 478 Nova
1103 424 1348 477 sontibus
1390 441 1540 476 arma

87 499 312 555 Iniciam
349 499 557 570 regnis,
595 501 878 568 totumque
919 517 951 551 a
992 499 1159 569 stirpe
1198 498 1456 551 revellam

30 574 32 625 ,ἓ
87 572 322 629 Exitiale
361 589 546 644 genus.
622 571 762 626 Belli
802 572 937 626 mihi
978 573 1186 625 semina
1226 575 1384 625 sunto

30 654 31 665 ¹
87 647 354 702 Adrastus
394 664 545 701 socer
584 650 638 700 et
677 647 885 717 superis
926 646 1177 699 adiuncta
1217 646 1452 698 sinistris

87 719 348 776 Conubia.
424 720 580 774 Hanc
621 721 785 775 etiam
825 720 1014 790 poenis
1054 720 1319 774 incessere
1359 722 1577 789 gentem
1686 731 1771 771 245

30 811 32 815 '
85 794 399 867 Decretum3
438 812 609 865 neque
649 798 791 848 enim
832 812 1026 848 arcano
1068 794 1132 847 de
1171 797 1387 865 pectore
1426 793 1594 846 fallax

86 867 347 923 Tantalus
388 871 443 923 et
481 887 671 923 saevae
710 869 874 939 periit
910 868 1109 921 iniuria
1148 866 1397 921 mensae.’

160 941 249 997 Sic
286 945 442 1012 pater
481 943 837 1012 omnipotens.
913 942 1018 995 Ast
1058 942 1139 995 illi
1180 942 1363 995 saucia
1400 941 1557 994 dictis

26 1065 32 1089 Ἴ,
89 1016 393 1071 Flammato
432 1034 651 1070 versans
690 1017 971 1086 inopinum
1012 1016 1172 1069 corde
1211 1015 1451 1070 dolorem

86 1089 239 1145 Talia
274 1090 410 1144 Iuno
448 1090 640 1145 refert:
679 1089 890 1159 ‘Mene‚
929 1109 961 1144 o
1001 1090 1295 1143 iustissime
1335 1089 1541 1157 divum,
1688 1102 1774 1142 250

91 1163 178 1218 Me
216 1164 362 1219 bello
403 1167 610 1219 certare
650 1164 840 1218 iubes?
880 1165 1009 1234 scis,
1050 1181 1261 1234 semper
1302 1167 1363 1216 ut
1402 1181 1551 1217 arces

87 1236 385 1308 Cyclopum
422 1239 713 1309 magnique
752 1238 1062 1292 Phoroneos
1096 1238 1286 1291 inclita
1324 1237 1470 1290 fama

28 1334 31 1386 ς
86 1308 312 1383 Sceptra
349 1312 482 1366 viris
523 1312 822 1382 opibusque
861 1313 1062 1381 iuvem,
1101 1312 1229 1365 licet
1267 1311 1546 1380 improbus
1579 1311 1691 1364 illic

89 1383 383 1440 Custodem
420 1385 653 1440 Phariae
694 1404 882 1440 somno
923 1386 1137 1456 letoque
1177 1386 1433 1439 iuvencae

89 1458 424 1531 Extinguas,
465 1460 665 1531 saeptis
706 1463 762 1513 et
797 1460 1041 1514 turribus
1081 1477 1274 1513 aureus
1314 1460 1497 1512 intres,
1687 1472 1772 1511 255

26 1574 32 1589 .
87 1531 334 1588 Mentitis
373 1534 596 1606 ignosco
636 1534 795 1588 toris:
835 1534 987 1587 illam
1028 1534 1239 1587 odimus
1280 1533 1491 1602 urbem,

86 1606 259 1670 Quam
295 1608 452 1662 vultu
490 1608 766 1662 confessus
807 1609 946 1677 adis,
985 1608 1078 1661 ubi
1117 1607 1329 1661 conscia
1367 1608 1552 1677 magni

80 1678 255 1752 Signa
290 1682 400 1735 tori
435 1682 672 1736 tonitrus
713 1682 830 1753 agis
871 1686 926 1735 et
964 1700 1084 1735 mea
1122 1681 1349 1735 fulmina
1386 1685 1625 1751 torques.

86 1753 255 1808 Facta
291 1755 448 1809 luant
485 1755 723 1809 Thebae:
763 1773 857 1810 cur
894 1756 1078 1810 hostes
1120 1755 1276 1825 eligis
1317 1756 1536 1825 Argos?

89 1827 234 1891 Quin
271 1845 395 1898 age,
435 1829 481 1882 si
518 1831 675 1883 tanta.
715 1833 798 1884 est
834 1830 1065 1884 thalami
1105 1829 1373 1883 discordia
1415 1829 1610 1897 sancti,
1688 1842 1774 1883 260

86 1901 162 1955 Et
201 1900 401 1955 Samon
441 1906 495 1956 et
532 1905 740 1957 veteres
781 1905 946 1957 armis
987 1904 1205 1957 excinde
1245 1904 1522 1974 Mycenas,

87 1973 257 2028 Verte
297 1975 414 2029 solo
454 1974 699 2045 Sparten.
769 1976 878 2030 Cur
915 1996 1146 2047 usquam
1187 1978 1449 2046 sanguine
1490 1979 1631 2031 festo

89 2046 348 2118 Coniugis
388 2067 483 2102 ara
519 2052 668 2118 tuae,
707 2051 922 2103 cumulo
963 2069 1054 2103 cur
1092 2052 1228 2104 turis
1268 2051 1373 2104 Eoi

90 2120 260 2176 Laeta
297 2122 476 2176 calet?
537 2123 733 2177 Melius
773 2125 912 2178 votis
953 2123 1248 2177 Mareotica
1286 2125 1462 2177 fumat

89 2193 292 2266 Coptos
332 2199 387 2250 et
424 2197 657 2250 aerisoni
695 2198 940 2268 lugentia
978 2198 1201 2251 flumina
1238 2197 1367 2252 Nili.
1688 2212 1773 2251 265

208 2367 296 2408 245
322 2378 386 2420 sq.
424 2364 564 2408 ‘hanc
592 2390 642 2396 —
669 2364 903 2409 decretum
938 2365 1035 2409 est'
1071 2365 1354 2422 Eutychos
1387 2367 1461 2411 lib.
1495 2366 1562 2409 II
1579 2380 1629 2423 p.
1663 2370 1776 2419 482,

86 2422 154 2468 29
182 2421 237 2467 K.
264 2448 320 2456 —
345 2427 446 2468 258.
473 2423 693 2467 ‘tonitrus
719 2450 774 2456 —-
798 2425 1006 2480 torques’
1035 2424 1185 2471 Serv.
1211 2427 1273 2470 ad
1294 2427 1409 2470 Aen.
1445 2426 1488 2468 V
1508 2430 1600 2470 694
1618 2430 1778 2481 poetae

88 2482 282 2585 moa}
306 2483 486 2597 ἒτξῗεῗέ..
516 2508 571 2515 --
607 2487 707 2529 264.
744 2482 1026 2528 ‘Mareotica
1063 2483 1238 2528 fumat’
1273 2484 1472 2530 Acron.
1514 2484 1575 2528 ad
1613 2485 1774 2529 Horat.

26 2732 27 2735 ,
94 2695 107 2721 f
207 2698 296 2739 244
341 2695 403 2739 ah
456 2695 616 2740 iuncta
663 2696 990 2743 Lachmannus
1038 2700 1170 2755 prob.
1219 2698 1441 2743 Muellero
1494 2699 1570 2741 sat
1615 2697 1777 2741 iuncta

91 2750 397 2799 §Baehrensius
418 2756 434 2812 ss
457 2760 542 2800 246
575 2754 825 2800 Decretum
855 2759 928 2802 est
958 2762 1041 2801 ΤΗ
1064 2758 1298 2815 Eutyches
1324 2760 1331 2812 Ι
1358 2756 1519 2800 arcani
1542 2758 1772 2802 Baehren-

91 2811 189 2856 'a'ws
208 2813 226 2870 11
248 2817 334 2858 255
365 2812 624 2871 Extinguas
648 2819 681 2858 1³
711 2817 808 2861 edd.
841 2821 941 2861 vett.
974 2815 1259 2873 Restinguas
1290 2820 1392 2859 Βοι-
1414 2817 1525 2861 Beh.
1551 2820 1578 2858 b
1603 2816 1734 2861 schol.
1762 2820 1765 2842 ³

90 2872 178 2915 25⁷
207 2870 391 2917 vultum
419 2873 729 2919 Baehrensius
761 2877 778 2932 ss
808 2880 893 2920 260
925 2876 1050 2920 tanti
1082 2876 1341 2921 Gronovius
1363 2877 1379 2932 n
1403 2880 1491 2920 264
1522 2875 1706 2930 fumant
1735 2880 1768 2917 P
