2020 3106
195 114 265 166 28
770 114 821 160 Ρ.
853 113 1084 159 PAPINII
1117 113 1318 159 STATII

198 234 535 289 Consuerant
575 236 905 304 scissumque
943 253 1107 304 pecus
1145 238 1394 304 terraque
1432 234 1672 288 revulsas

196 309 356 362 Ferre
395 310 578 363 trabes
619 312 909 380 gratosque
948 309 1046 363 deo
1085 311 1361 378 praestare
1399 307 1623 362 furores,

196 382 309 436 Lex
352 384 544 453 procul
583 384 663 436 ire
703 402 906 436 mares:
946 384 1111 436 iterat
1148 385 1438 452 praecepta
1474 380 1738 435 verendus

199 457 432 527 Ductor,
471 459 909 527 inaccessumque
947 458 1078 511 viris
1118 457 1344 510 edicitur
1383 459 1614 510 antrum.

199 532 315 585 Nec
358 532 492 585 satis
533 536 637 585 est:
678 534 790 584 stat
826 532 933 584 fine
973 532 1099 585 dato
1140 530 1430 584 metuenda
1469 528 1717 584 sacerdos
1811 541 1898 581 600

198 605 578 675 Exploratque
618 606 820 673 aditm,
859 624 926 659 ne
966 608 1086 676 quis
1125 608 1421 658 temerator
1460 605 1675 658 oberret

198 680 438 750 Agmine
477 680 727 733 femineo.
805 679 1027 733 Tacitus
1069 680 1174 733 sibi
1211 680 1334 732 risit
1373 678 1630 732 Achilles,

197 754 387 823 Illum,
426 753 701 823 virgineae
742 754 1023 806 ducentem
1063 754 1220 824 signa
1259 755 1506 806 catervae

198 827 507 897 Magnaque
547 827 758 881 difficili
798 827 1097 882 solventem
1135 827 1360 880 brachia
1398 829 1550 880 motu

202 900 302 971 (Et
343 919 500 954 sexus
539 903 744 970 pariter
783 902 935 954 decet
975 905 1028 954 et
1066 901 1347 954 mendacia
1384 897 1598 969 matris)
1808 910 1893 952 605

200 974 471 1027 Mirantur
510 976 748 1029 comites.
824 973 938 1028 Nec
977 976 1088 1028 iam
1127 975 1490 1044 pulcherrima
1527 973 1720 1026 turbae

197 1047 484 1101 Deidamia
525 1067 650 1101 suae
689 1051 1011 1118 tantumque
1051 1049 1270 1102 admota
1310 1048 1540 1118 superbo

199 1122 453 1175 Vincitur
490 1122 749 1192 Aeacide,
789 1126 1047 1191 quantum
1086 1123 1287 1193 premit
1324 1123 1446 1191 ipsa
1485 1139 1710 1175 sorores,

201 1195 280 1249 Ut
319 1214 448 1249 vero
491 1215 518 1248 e
557 1198 716 1248 tereti
756 1196 973 1249 demisit
1011 1197 1239 1249 nebrida
1279 1197 1420 1249 collo

198 1270 567 1339 Errantesque
609 1270 756 1323 sinus
796 1269 996 1323 hedera
1035 1270 1256 1341 collegit
1297 1273 1350 1323 et
1390 1270 1497 1322 alte
1811 1280 1896 1321 610

200 1341 383 1396 Cinxit
420 1345 704 1412 purpureis
743 1344 998 1397 flaventia
1035 1346 1281 1413 tempora
1319 1343 1474 1397 vittis

199 1416 563 1487 Vibravitque
604 1420 758 1488 gravi
796 1418 1109 1470 redimitum
1147 1418 1355 1471 missile
1395 1417 1607 1470 dextra:

199 1491 455 1544 Attonito
497 1495 608 1544 stat
645 1492 807 1544 turba
844 1495 1015 1561 metu,
1055 1492 1330 1561 sacrisque
1368 1491 1571 1544 relictis

199 1564 365 1617 Illum
407 1565 612 1617 ambire
651 1565 786 1618 libet
823 1583 1131 1634 pronosque
1172 1566 1420 1619 attollere
1458 1564 1658 1617 vultus.

202 1638 371 1707 Talis,
396 1638 490 1690 ubi
516 1638 583 1690 ad
601 1638 816 1691 Thebas
842 1639 1161 1707 vultumque
1186 1639 1532 1707 animumque
1556 1637 1766 1690 remisit
1812 1649 1896 1691 615

198 1711 408 1764 Euhius
451 1715 506 1764 et
543 1712 722 1780 patrio
763 1713 989 1765 satiavit
1025 1714 1247 1781 pectora
1284 1713 1437 1781 luXU,

201 1783 360 1838 Serta
398 1785 567 1839 comis
607 1786 932 1854 mitramque
971 1787 1117 1839 levat
1153 1786 1511 1855 thyrsumque
1549 1785 1814 1838 virentem

200 1858 397 1912 Armat
436 1861 490 1911 et
527 1859 754 1912 hostiles
793 1859 983 1912 invisit
1021 1859 1216 1913 fortior
1253 1859 1433 1913 Indos.

352 1931 657 1986 Scandebat
695 1951 849 1986 roseo
889 1933 1053 1985 medii
1090 1933 1318 2003 fastigia
1357 1933 1496 1986 caeli

199 2005 357 2058 Luna
396 2007 524 2076 iugo
535 2048 549 2076 ‚
587 2007 721 2060 totis
760 2007 855 2060 ubi
897 2025 1116 2060 somnus
1155 2007 1383 2059 inertior
1421 2007 1519 2059 alis
1813 2019 1900 2061 620

199 2079 408 2133 Defluit
445 2081 503 2132 in
541 2083 714 2134 terras
755 2083 1069 2149 mutumque
1109 2081 1457 2149 amplectitur
1495 2080 1704 2133 orbem:

201 2152 504 2207 Consedere
545 2154 696 2207 chori
734 2155 1062 2223 paulumque
1102 2154 1335 2207 exercita
1373 2154 1536 2223 pulsu

200 2227 346 2280 Aera
384 2230 589 2297 tacent,
627 2231 812 2282 tenero
854 2247 974 2281 cum
1015 2228 1162 2281 solus
1205 2229 1273 2280 ab
1313 2228 1529 2298 agmine
1569 2226 1811 2280 Achilles

201 2427 312 2459 vare
343 2418 426 2457 PH
457 2428 676 2460 revocare
709 2416 843 2460 ceteri
863 2415 866 2474 Ι
887 2415 1167 2472 triethyrida
1182 2420 1216 2458 P
1233 2415 1470 2461 trieterica
1493 2415 1627 2460 ceteri
1648 2415 1892 2460 trieterida

200 2501 317 2532 corr.
337 2487 611 2545 Gronovius,
636 2489 694 2542 cf.
726 2489 860 2533 Theb.
880 2489 916 2532 I
923 2488 967 2533 V
980 2491 1077 2534 ’722
1110 2487 1225 2532 VII
1245 2493 1305 2534 93
1329 2488 1420 2532 IX
1439 2493 1533 2534 480
1556 2488 1669 2534 Silv.
1687 2489 1759 2532 ΙΙ
1773 2493 1816 2543 6,
1835 2492 1897 2535 72

202 2551 288 2590 596
322 2546 613 2604 spissumque
641 2552 674 2590 P
704 2549 720 2604 ΙΙ
753 2552 838 2592 598
885 2547 984 2591 Rex
1010 2552 1042 2590 P
1080 2548 1096 2604 ΙΙ
1143 2552 1228 2592 599
1273 2548 1487 2593 educitur
1508 2552 1570 2590 Pt
1613 2548 1630 2604 ΙΙ
1676 2553 1763 2592 600
1798 2549 1898 2594 Nec

200 2605 313 2649 satis
346 2607 442 2650 stat
473 2608 543 2651 est
573 2611 606 2648 P
633 2607 639 2664 1
666 2607 762 2651 vite
788 2607 899 2650 data
922 2606 1207 2651 Schraderus
1229 2608 1246 2664 ΙΙ
1270 2611 1351 2652 601
1379 2607 1569 2652 habitus
1586 2606 1898 2666 Schraderusss

201 2668 286 2708 602
321 2664 412 2709 sibi
442 2665 546 2709 risit
576 2669 609 2708 P
641 2665 832 2710 subrisit
861 2666 995 2709 ceteri
1024 2666 1040 2722 ΙΙ
1074 2671 1158 2710 609
1199 2680 1224 2710 e
1255 2666 1392 2711 tereti
1423 2669 1508 2708 PH
1539 2679 1595 2709 ex
1625 2666 1764 2710 tereti
1796 2672 1817 2708 t
1848 2668 1896 2710 et
1999 2658 2010 2725 ζ

198 2723 338 2767 tereti
386 2728 460 2778 ΘΙ)
534 2724 674 2768 tereti
726 2729 784 2767 Pc
803 2729 839 2766 D
856 2724 985 2769 Laid.
1075 2738 1103 2768 a.
1147 2725 1288 2769 tereti
1333 2726 1430 2770 edd.
1589 2724 1768 2769 dimisit
1811 2729 1857 2767 Μ
1879 2724 2013 2842 Η

201 2786 286 2826 618
332 2782 494 2827 invisit
524 2787 623 2826 PPc
639 2783 770 2829 Leid
797 2783 995 2828 Gronov.
1027 2783 1202 2828 invasit
1241 2785 1310 2828 vel
1347 2725 1530 2829 invadit
1558 2788 1604 2826 u
1635 2784 1732 2829 edd.
1763 2788 1863 2828 vett.

200 2845 285 2886 619
311 2840 446 2885 niveo
481 2842 700 2887 Menkius
